timestamp,ltp,bid_qty,ask_qty
2025-06-18 11:01:36.691212,2117.2,158500.0,156148.0
2025-06-18 11:01:38.146141,2117.2,158252.0,156271.0
2025-06-18 11:01:39.136017,2117.2,158252.0,156271.0
2025-06-18 11:01:41.137569,2117.0,158252.0,156271.0
2025-06-18 11:01:43.134389,2117.4,158252.0,156271.0
2025-06-18 11:01:43.145193,2117.4,156543.0,156643.0
2025-06-18 11:01:45.160814,2118.2,156543.0,156643.0
2025-06-18 11:01:47.145659,2117.4,156543.0,156643.0
2025-06-18 11:01:48.356770,2117.4,156415.0,156962.0
2025-06-18 11:01:49.176530,2117.4,156415.0,156962.0
2025-06-18 11:01:51.150265,2117.7,156415.0,156962.0
2025-06-18 11:01:53.141585,2118.0,156415.0,156962.0
2025-06-18 11:01:54.049843,2117.7,158159.0,155343.0
2025-06-18 11:01:55.149247,2117.4,158159.0,155343.0
2025-06-18 11:01:57.152605,2117.4,158159.0,155343.0
2025-06-18 11:01:59.501282,2117.4,156859.0,155757.0
2025-06-18 11:02:01.144620,2117.5,156859.0,155757.0
2025-06-18 11:02:05.167200,2117.5,156837.0,155750.0
2025-06-18 11:02:07.144133,2117.8,156837.0,155750.0
2025-06-18 11:02:09.141296,2118.1,156837.0,155750.0
2025-06-18 11:02:09.861476,2117.6,158888.0,154667.0
2025-06-18 11:02:11.145169,2117.8,158888.0,154667.0
2025-06-18 11:02:13.147675,2118.1,158888.0,154667.0
2025-06-18 11:02:15.167898,2118.0,158888.0,154667.0
2025-06-18 11:02:15.367828,2118.0,160163.0,154839.0
2025-06-18 11:02:17.148057,2118.0,160163.0,154839.0
2025-06-18 11:02:19.138999,2117.7,160163.0,154839.0
2025-06-18 11:02:20.478997,2117.8,160142.0,154854.0
2025-06-18 11:02:21.139107,2117.8,160142.0,154854.0
2025-06-18 11:02:25.143051,2117.8,160142.0,154854.0
2025-06-18 11:02:25.673435,2117.8,160089.0,154654.0
2025-06-18 11:02:27.149934,2117.8,160089.0,154654.0
2025-06-18 11:02:29.152560,2117.8,160089.0,154654.0
2025-06-18 11:02:30.680147,2117.9,159744.0,154702.0
2025-06-18 11:02:31.142160,2117.9,159744.0,154702.0
2025-06-18 11:02:33.148694,2117.9,159744.0,154702.0
2025-06-18 11:02:35.153545,2118.0,159744.0,154702.0
2025-06-18 11:02:36.080843,2117.9,160771.0,154786.0
2025-06-18 11:02:37.150200,2117.9,160771.0,154786.0
2025-06-18 11:02:39.147927,2118.2,160771.0,154786.0
2025-06-18 11:02:41.143337,2118.2,160771.0,154786.0
2025-06-18 11:02:41.383890,2118.2,158300.0,155102.0
2025-06-18 11:02:43.150545,2118.2,158300.0,155102.0
2025-06-18 11:02:45.147036,2118.2,158300.0,155102.0
2025-06-18 11:02:46.587945,2118.5,158008.0,155042.0
2025-06-18 11:02:47.154936,2118.2,158008.0,155042.0
2025-06-18 11:02:49.150471,2118.2,158008.0,155042.0
2025-06-18 11:02:51.889142,2118.2,158704.0,153318.0
2025-06-18 11:02:55.149083,2118.5,158704.0,153318.0
2025-06-18 11:02:57.154625,2118.4,158704.0,153318.0
2025-06-18 11:02:57.199408,2118.4,158199.0,153756.0
2025-06-18 11:02:59.150207,2118.4,158199.0,153756.0
2025-06-18 11:03:01.145333,2118.4,158199.0,153756.0
2025-06-18 11:03:02.300078,2118.4,158267.0,153557.0
2025-06-18 11:03:03.147064,2118.4,158267.0,153557.0
2025-06-18 11:03:05.145707,2118.4,158267.0,153557.0
2025-06-18 11:03:07.148062,2118.4,158267.0,153557.0
2025-06-18 11:03:07.800539,2118.4,158775.0,153318.0
2025-06-18 11:03:09.152803,2118.4,158775.0,153318.0
2025-06-18 11:03:11.152836,2118.4,158775.0,153318.0
2025-06-18 11:03:13.002599,2118.4,158655.0,152931.0
2025-06-18 11:03:13.148602,2118.4,158655.0,152931.0
2025-06-18 11:03:15.145066,2118.5,158655.0,152931.0
2025-06-18 11:03:17.153499,2118.4,158655.0,152931.0
2025-06-18 11:03:18.104349,2118.5,158117.0,152875.0
2025-06-18 11:03:19.153326,2118.4,158117.0,152875.0
2025-06-18 11:03:21.210414,2118.4,158117.0,152875.0
2025-06-18 11:03:23.156262,2118.4,158117.0,152875.0
2025-06-18 11:03:23.408992,2118.4,158710.0,153006.0
2025-06-18 11:03:25.149164,2118.5,158710.0,153006.0
2025-06-18 11:03:28.613180,2118.5,157978.0,152785.0
2025-06-18 11:03:29.154769,2118.5,157978.0,152785.0
2025-06-18 11:03:31.157328,2118.5,157978.0,152785.0
2025-06-18 11:03:33.151785,2118.5,157978.0,152785.0
2025-06-18 11:03:34.120901,2118.8,157621.0,153712.0
2025-06-18 11:03:35.152622,2118.8,157621.0,153712.0
2025-06-18 11:03:37.156668,2118.6,157621.0,153712.0
2025-06-18 11:03:39.152572,2118.8,157621.0,153712.0
2025-06-18 11:03:39.620047,2118.6,159518.0,152051.0
2025-06-18 11:03:41.171950,2118.5,159518.0,152051.0
2025-06-18 11:03:43.159671,2118.6,159518.0,152051.0
2025-06-18 11:03:44.619247,2118.5,158877.0,151971.0
2025-06-18 11:03:45.169251,2118.9,158877.0,151971.0
2025-06-18 11:03:46.056096,2118.9,158877.0,151971.0
2025-06-18 11:03:47.078193,2118.9,158877.0,151971.0
2025-06-18 11:03:47.176685,2118.5,158877.0,151971.0
2025-06-18 11:03:47.995336,2118.5,158877.0,151971.0
2025-06-18 11:03:48.925397,2118.5,158877.0,151971.0
2025-06-18 11:03:49.169199,2118.5,158877.0,151971.0
2025-06-18 11:03:49.422981,2118.5,158295.0,153320.0
2025-06-18 11:03:49.752374,2118.5,158295.0,153320.0
2025-06-18 11:03:50.563019,2118.5,158295.0,153320.0
2025-06-18 11:03:51.597331,2118.5,158295.0,153320.0
2025-06-18 11:03:52.204438,2118.5,158295.0,153320.0
2025-06-18 11:03:53.080689,2118.5,158295.0,153320.0
2025-06-18 11:03:54.233918,2118.8,158230.0,153114.0
2025-06-18 11:03:54.455938,2118.8,158230.0,153114.0
2025-06-18 11:03:55.172327,2118.4,158230.0,153114.0
2025-06-18 11:03:55.728873,2118.4,158230.0,153114.0
2025-06-18 11:03:56.591845,2118.4,158230.0,153114.0
2025-06-18 11:04:00.453987,2118.2,158230.0,153114.0
2025-06-18 11:04:00.505401,2118.2,158230.0,153114.0
2025-06-18 11:04:00.513239,2118.2,158230.0,153114.0
2025-06-18 11:04:00.546330,2118.2,158230.0,153114.0
2025-06-18 11:04:00.546944,2118.2,156579.0,155895.0
2025-06-18 11:04:00.582232,2118.2,156579.0,155895.0
2025-06-18 11:04:01.925056,2118.2,156579.0,155895.0
2025-06-18 11:04:04.635144,2118.2,156545.0,156017.0
2025-06-18 11:04:07.179972,2118.3,156545.0,156017.0
2025-06-18 11:04:09.157698,2118.2,156545.0,156017.0
2025-06-18 11:04:09.739217,2118.2,156993.0,155626.0
2025-06-18 11:04:11.161767,2118.2,156993.0,155626.0
2025-06-18 11:04:13.157486,2118.2,156993.0,155626.0
2025-06-18 11:04:14.741290,2118.2,156977.0,155940.0
2025-06-18 11:04:15.158744,2117.7,156977.0,155940.0
2025-06-18 11:04:17.158840,2117.5,156977.0,155940.0
2025-06-18 11:04:19.189152,2117.5,156977.0,155940.0
2025-06-18 11:04:20.195982,2116.9,153459.0,158559.0
2025-06-18 11:04:21.187249,2116.9,153459.0,158559.0
2025-06-18 11:04:23.161381,2116.9,153459.0,158559.0
2025-06-18 11:04:25.159302,2116.9,153459.0,158559.0
2025-06-18 11:04:25.256026,2116.9,155460.0,158281.0
2025-06-18 11:04:27.159306,2116.9,155460.0,158281.0
2025-06-18 11:04:29.157077,2116.8,155460.0,158281.0
2025-06-18 11:04:30.468705,2116.9,156418.0,157772.0
2025-06-18 11:04:31.159083,2116.9,156418.0,157772.0
2025-06-18 11:04:33.168042,2116.8,156418.0,157772.0
2025-06-18 11:04:35.166895,2116.7,156418.0,157772.0
2025-06-18 11:04:35.364110,2116.7,157323.0,157360.0
2025-06-18 11:04:37.175521,2117.1,157323.0,157360.0
2025-06-18 11:04:39.163696,2118.0,157323.0,157360.0
2025-06-18 11:04:40.267686,2117.2,155166.0,155625.0
2025-06-18 11:04:41.153823,2117.1,155166.0,155625.0
2025-06-18 11:04:43.168917,2117.4,155166.0,155625.0
2025-06-18 11:04:45.198500,2117.5,155166.0,155625.0
2025-06-18 11:04:45.277444,2117.5,155233.0,155166.0
2025-06-18 11:04:47.170908,2117.4,155233.0,155166.0
2025-06-18 11:04:49.160085,2117.4,155233.0,155166.0
2025-06-18 11:04:50.181859,2117.4,154915.0,156267.0
2025-06-18 11:04:51.160975,2117.5,154915.0,156267.0
2025-06-18 11:04:53.158273,2117.1,154915.0,156267.0
2025-06-18 11:04:54.993206,2117.1,155436.0,156041.0
2025-06-18 11:04:57.211654,2117.1,155436.0,156041.0
2025-06-18 11:04:59.162695,2117.1,155436.0,156041.0
2025-06-18 11:04:59.681865,2117.1,154043.0,155734.0
2025-06-18 11:05:01.180729,2117.1,154043.0,155734.0
2025-06-18 11:05:01.679106,2117.1,155323.0,156122.0
2025-06-18 11:05:02.161892,2117.1,155323.0,156122.0
2025-06-18 11:05:05.171543,2117.1,155113.0,155681.0
2025-06-18 11:05:05.176068,2117.1,155112.0,156091.0
2025-06-18 11:05:05.178700,2117.1,155112.0,156091.0
2025-06-18 11:05:05.379159,2117.1,155069.0,155656.0
2025-06-18 11:05:06.154511,2117.1,155069.0,155656.0
2025-06-18 11:05:06.380409,2117.1,154987.0,155955.0
2025-06-18 11:05:07.394359,2117.1,154746.0,156394.0
2025-06-18 11:05:08.381173,2117.1,154848.0,156421.0
2025-06-18 11:05:09.162379,2117.1,154848.0,156421.0
2025-06-18 11:05:09.491926,2117.1,155063.0,156467.0
2025-06-18 11:05:10.156259,2117.1,155063.0,156467.0
2025-06-18 11:05:10.577762,2117.1,155128.0,156651.0
2025-06-18 11:05:11.678592,2117.1,155128.0,156629.0
2025-06-18 11:05:12.200763,2117.4,155128.0,156629.0
2025-06-18 11:05:13.154222,2117.1,155128.0,156629.0
2025-06-18 11:05:13.278993,2117.1,154306.0,156384.0
2025-06-18 11:05:14.163656,2117.1,154306.0,156384.0
2025-06-18 11:05:14.280029,2117.1,154428.0,155597.0
2025-06-18 11:05:15.156581,2117.2,154428.0,155597.0
2025-06-18 11:05:15.281474,2117.2,154206.0,155713.0
2025-06-18 11:05:16.687382,2117.2,154206.0,155713.0
2025-06-18 11:05:16.691705,2117.2,155964.0,154336.0
2025-06-18 11:05:17.163057,2117.4,155964.0,154336.0
2025-06-18 11:05:17.282739,2117.4,155579.0,154410.0
2025-06-18 11:05:18.165743,2117.5,155579.0,154410.0
2025-06-18 11:05:18.282565,2117.5,155734.0,154188.0
2025-06-18 11:05:19.190572,2117.5,155734.0,154188.0
2025-06-18 11:05:19.284794,2117.5,156011.0,154017.0
2025-06-18 11:05:20.384859,2117.5,155759.0,153906.0
2025-06-18 11:05:21.165424,2117.5,155759.0,153906.0
2025-06-18 11:05:21.498333,2117.5,155822.0,154888.0
2025-06-18 11:05:22.500419,2117.5,155753.0,154880.0
2025-06-18 11:05:23.516415,2117.5,155697.0,154880.0
2025-06-18 11:05:24.163307,2118.1,155697.0,154880.0
2025-06-18 11:05:24.502100,2117.5,155768.0,154099.0
2025-06-18 11:05:25.149167,2117.5,155768.0,154099.0
2025-06-18 11:05:25.508390,2117.5,155847.0,154870.0
2025-06-18 11:05:26.590709,2117.5,156466.0,155262.0
2025-06-18 11:05:27.692199,2117.8,157527.0,154400.0
2025-06-18 11:05:28.193965,2117.8,157527.0,154400.0
2025-06-18 11:05:28.692352,2117.8,156602.0,154417.0
2025-06-18 11:05:29.156162,2117.8,156602.0,154417.0
2025-06-18 11:05:29.793757,2117.8,156598.0,154642.0
2025-06-18 11:05:30.794917,2117.8,153899.0,156834.0
2025-06-18 11:05:31.159314,2117.8,153899.0,156834.0
2025-06-18 11:05:31.897383,2117.8,154144.0,157027.0
2025-06-18 11:05:32.800057,2118.1,154478.0,156571.0
2025-06-18 11:05:33.202172,2118.1,154478.0,156571.0
2025-06-18 11:05:35.170739,2117.8,154500.0,156418.0
2025-06-18 11:05:35.171332,2117.8,154500.0,156418.0
2025-06-18 11:05:35.176032,2117.8,154503.0,156420.0
2025-06-18 11:05:36.165084,2117.8,154503.0,156420.0
2025-06-18 11:05:36.203210,2117.8,154684.0,156305.0
2025-06-18 11:05:37.161495,2117.8,154684.0,156305.0
2025-06-18 11:05:37.299111,2117.8,154687.0,156289.0
2025-06-18 11:05:38.299966,2117.8,154392.0,156292.0
2025-06-18 11:05:39.398634,2117.8,153536.0,156455.0
2025-06-18 11:05:40.157551,2118.0,153536.0,156455.0
2025-06-18 11:05:40.398550,2118.0,154854.0,156315.0
2025-06-18 11:05:41.159400,2117.8,154854.0,156315.0
2025-06-18 11:05:41.409481,2117.8,154959.0,156325.0
2025-06-18 11:05:42.158181,2117.8,154959.0,156325.0
2025-06-18 11:05:42.398968,2117.8,153664.0,156351.0
2025-06-18 11:05:43.161016,2117.8,153664.0,156351.0
2025-06-18 11:05:43.506157,2117.8,155796.0,155436.0
2025-06-18 11:05:44.162689,2117.8,155796.0,155436.0
2025-06-18 11:05:44.507892,2117.8,155724.0,155508.0
2025-06-18 11:05:45.162067,2118.0,155724.0,155508.0
2025-06-18 11:05:45.507893,2118.0,155773.0,155490.0
2025-06-18 11:05:46.158820,2117.8,155773.0,155490.0
2025-06-18 11:05:46.606626,2117.8,155751.0,155490.0
2025-06-18 11:05:47.186221,2117.8,155751.0,155490.0
2025-06-18 11:05:47.602259,2118.1,154967.0,155699.0
2025-06-18 11:05:48.161838,2117.8,154967.0,155699.0
2025-06-18 11:05:48.600871,2117.8,154965.0,156008.0
2025-06-18 11:05:49.604050,2117.8,155041.0,156062.0
2025-06-18 11:05:50.605026,2117.9,156107.0,154734.0
2025-06-18 11:05:51.159894,2117.9,156107.0,154734.0
2025-06-18 11:05:51.706722,2117.8,156583.0,154703.0
2025-06-18 11:05:52.175663,2117.8,156583.0,154703.0
2025-06-18 11:05:52.810469,2117.8,155823.0,154744.0
2025-06-18 11:05:53.157217,2117.8,155823.0,154744.0
2025-06-18 11:05:53.909069,2117.8,156314.0,154988.0
2025-06-18 11:05:54.166572,2117.8,156314.0,154988.0
2025-06-18 11:05:54.911087,2117.8,155535.0,155221.0
2025-06-18 11:05:55.156609,2117.8,155535.0,155221.0
2025-06-18 11:05:55.911680,2117.8,155545.0,155236.0
2025-06-18 11:05:56.911176,2117.8,155718.0,155145.0
2025-06-18 11:05:57.913160,2117.8,155731.0,155191.0
2025-06-18 11:05:58.815825,2117.8,155731.0,155161.0
2025-06-18 11:05:59.912810,2117.8,155740.0,155160.0
2025-06-18 11:06:00.157108,2117.8,155740.0,155160.0
2025-06-18 11:06:03.163388,2117.8,155740.0,155160.0
2025-06-18 11:06:05.162905,2117.8,155740.0,155160.0
2025-06-18 11:06:05.316634,2117.8,155356.0,155421.0
2025-06-18 11:06:07.168901,2117.9,155356.0,155421.0
2025-06-18 11:06:09.169332,2117.9,155356.0,155421.0
2025-06-18 11:06:10.220371,2117.8,155442.0,155237.0
2025-06-18 11:06:11.208622,2117.8,155442.0,155237.0
2025-06-18 11:06:13.191740,2118.2,155442.0,155237.0
2025-06-18 11:06:15.168489,2118.1,155442.0,155237.0
2025-06-18 11:06:15.321314,2118.1,157793.0,151513.0
2025-06-18 11:06:17.168610,2118.1,157793.0,151513.0
2025-06-18 11:06:19.163604,2118.0,157793.0,151513.0
2025-06-18 11:06:20.324698,2118.1,156663.0,153714.0
2025-06-18 11:06:21.162319,2118.1,156663.0,153714.0
2025-06-18 11:06:23.170199,2118.1,156663.0,153714.0
2025-06-18 11:06:25.175511,2118.1,156663.0,153714.0
2025-06-18 11:06:25.226264,2118.1,156695.0,153281.0
2025-06-18 11:06:27.167145,2118.1,156695.0,153281.0
2025-06-18 11:06:29.174884,2118.1,156695.0,153281.0
2025-06-18 11:06:30.028436,2118.1,156726.0,153316.0
2025-06-18 11:06:31.193763,2118.1,156726.0,153316.0
2025-06-18 11:06:34.645793,2118.1,155462.0,152142.0
2025-06-18 11:06:35.189210,2118.2,155462.0,152142.0
2025-06-18 11:06:37.167466,2118.1,155462.0,152142.0
2025-06-18 11:06:39.169960,2118.1,155462.0,152142.0
2025-06-18 11:06:39.643643,2118.1,156666.0,153261.0
2025-06-18 11:06:41.166902,2118.1,156666.0,153261.0
2025-06-18 11:06:43.170360,2118.1,156666.0,153261.0
2025-06-18 11:06:44.757779,2118.1,154343.0,153718.0
2025-06-18 11:06:46.761527,2118.1,154343.0,153718.0
2025-06-18 11:06:47.624464,2118.1,154343.0,153718.0
2025-06-18 11:06:48.557960,2118.1,154343.0,153718.0
2025-06-18 11:06:49.760599,2119.0,154343.0,153718.0
2025-06-18 11:06:49.803973,2119.0,154343.0,153718.0
2025-06-18 11:06:49.807566,2118.1,155734.0,152431.0
2025-06-18 11:06:50.315811,2118.1,155734.0,152431.0
2025-06-18 11:06:51.058254,2118.1,155734.0,152431.0
2025-06-18 11:06:51.160412,2118.7,155734.0,152431.0
2025-06-18 11:06:52.048275,2118.7,155734.0,152431.0
2025-06-18 11:06:53.166952,2118.1,155734.0,152431.0
2025-06-18 11:06:53.526279,2118.1,155734.0,152431.0
2025-06-18 11:06:54.653846,2118.3,156205.0,152763.0
2025-06-18 11:06:54.759688,2118.3,156205.0,152763.0
2025-06-18 11:06:55.173791,2118.3,156205.0,152763.0
2025-06-18 11:06:56.270305,2118.3,156205.0,152763.0
2025-06-18 11:06:57.115257,2118.3,156205.0,152763.0
2025-06-18 11:06:57.162758,2119.0,156205.0,152763.0
2025-06-18 11:06:58.547432,2119.0,156205.0,152763.0
2025-06-18 11:06:59.163367,2118.3,156205.0,152763.0
2025-06-18 11:06:59.545422,2118.3,155042.0,153120.0
2025-06-18 11:06:59.670021,2118.3,155042.0,153120.0
2025-06-18 11:07:00.832565,2118.3,155042.0,153120.0
2025-06-18 11:07:01.164601,2118.3,155042.0,153120.0
2025-06-18 11:07:01.447717,2118.3,156303.0,152922.0
2025-06-18 11:07:02.159795,2118.3,156303.0,152922.0
2025-06-18 11:07:02.292207,2118.3,156303.0,152922.0
2025-06-18 11:07:02.558360,2118.3,156388.0,152807.0
2025-06-18 11:07:03.157476,2118.3,156388.0,152807.0
2025-06-18 11:07:05.034473,2119.0,156589.0,152910.0
2025-06-18 11:07:05.079995,2119.0,156589.0,152910.0
2025-06-18 11:07:05.089222,2118.3,156520.0,152932.0
2025-06-18 11:07:05.169212,2118.3,156520.0,152932.0
2025-06-18 11:07:05.752254,2118.3,156397.0,153062.0
2025-06-18 11:07:06.160909,2118.3,156397.0,153062.0
2025-06-18 11:07:06.752640,2118.7,157613.0,154270.0
2025-06-18 11:07:07.158439,2118.3,157613.0,154270.0
2025-06-18 11:07:10.435564,2118.3,156856.0,153127.0
2025-06-18 11:07:10.483051,2118.4,156856.0,153127.0
2025-06-18 11:07:10.489639,2118.3,156991.0,152562.0
2025-06-18 11:07:10.530222,2118.3,156991.0,152562.0
2025-06-18 11:07:10.536099,2118.3,156994.0,152580.0
2025-06-18 11:07:10.574306,2118.4,156994.0,152580.0
2025-06-18 11:07:10.757258,2118.7,157245.0,153099.0
2025-06-18 11:07:11.163525,2118.7,157245.0,153099.0
2025-06-18 11:07:11.757933,2117.9,156449.0,151441.0
2025-06-18 11:07:12.167014,2117.9,156449.0,151441.0
2025-06-18 11:07:12.757340,2118.3,157747.0,153113.0
2025-06-18 11:07:13.161739,2118.3,157747.0,153113.0
2025-06-18 11:07:13.759911,2119.0,156921.0,152295.0
2025-06-18 11:07:14.160028,2119.0,156921.0,152295.0
2025-06-18 11:07:14.858879,2118.2,156577.0,153424.0
2025-06-18 11:07:15.161323,2118.2,156577.0,153424.0
2025-06-18 11:07:15.862045,2118.0,157558.0,153115.0
2025-06-18 11:07:16.163714,2117.9,157558.0,153115.0
2025-06-18 11:07:16.859455,2117.9,156133.0,153777.0
2025-06-18 11:07:17.162383,2117.9,156133.0,153777.0
2025-06-18 11:07:17.962840,2117.9,156609.0,152781.0
2025-06-18 11:07:18.164506,2117.9,156609.0,152781.0
2025-06-18 11:07:18.961146,2118.0,156489.0,152846.0
2025-06-18 11:07:19.162794,2118.0,156489.0,152846.0
2025-06-18 11:07:19.962188,2118.0,156502.0,153227.0
2025-06-18 11:07:20.160349,2118.0,156502.0,153227.0
2025-06-18 11:07:20.959156,2119.0,156727.0,153261.0
2025-06-18 11:07:21.165806,2119.0,156727.0,153261.0
2025-06-18 11:07:22.192053,2118.9,157620.0,152112.0
2025-06-18 11:07:22.199118,2118.9,157620.0,152112.0
2025-06-18 11:07:22.958923,2118.4,157986.0,152431.0
2025-06-18 11:07:23.162368,2118.9,157986.0,152431.0
2025-06-18 11:07:23.858782,2118.3,157566.0,152579.0
2025-06-18 11:07:24.162155,2118.3,157566.0,152579.0
2025-06-18 11:07:25.059439,2118.3,156022.0,153030.0
2025-06-18 11:07:25.165600,2118.1,156022.0,153030.0
2025-06-18 11:07:26.218722,2119.0,156022.0,153030.0
2025-06-18 11:07:26.256069,2119.0,157608.0,152800.0
2025-06-18 11:07:27.169734,2118.0,157608.0,152800.0
2025-06-18 11:07:27.260011,2118.0,157431.0,153216.0
2025-06-18 11:07:28.165801,2118.1,157431.0,153216.0
2025-06-18 11:07:28.360836,2118.1,157523.0,153504.0
2025-06-18 11:07:29.170847,2118.2,157523.0,153504.0
2025-06-18 11:07:29.359914,2118.2,157404.0,153484.0
2025-06-18 11:07:30.192342,2119.0,157404.0,153484.0
2025-06-18 11:07:30.363142,2119.0,157980.0,153557.0
2025-06-18 11:07:31.168658,2118.1,157980.0,153557.0
2025-06-18 11:07:31.465258,2119.0,156247.0,152980.0
2025-06-18 11:07:32.177038,2119.0,156247.0,152980.0
2025-06-18 11:07:32.461863,2118.1,157258.0,153578.0
2025-06-18 11:07:33.168504,2118.1,157258.0,153578.0
2025-06-18 11:07:33.366691,2118.0,157109.0,153380.0
2025-06-18 11:07:34.168666,2118.0,157109.0,153380.0
2025-06-18 11:07:34.362934,2118.0,156631.0,153742.0
2025-06-18 11:07:35.162928,2118.0,156631.0,153742.0
2025-06-18 11:07:35.364072,2118.0,156587.0,153748.0
2025-06-18 11:07:36.162133,2118.3,156587.0,153748.0
2025-06-18 11:07:36.366582,2118.3,157864.0,153240.0
2025-06-18 11:07:37.367691,2118.3,157771.0,153776.0
2025-06-18 11:07:38.165498,2118.3,157771.0,153776.0
2025-06-18 11:07:38.367748,2118.3,154332.0,154080.0
2025-06-18 11:07:39.205546,2118.3,154332.0,154080.0
2025-06-18 11:07:39.368095,2118.3,156148.0,154540.0
2025-06-18 11:07:40.369249,2118.3,156217.0,154107.0
2025-06-18 11:07:41.168025,2117.7,156217.0,154107.0
2025-06-18 11:07:41.473194,2117.5,154897.0,156862.0
2025-06-18 11:07:42.168984,2117.5,154897.0,156862.0
2025-06-18 11:07:42.570186,2117.1,155163.0,157148.0
2025-06-18 11:07:43.169239,2117.1,155163.0,157148.0
2025-06-18 11:07:44.749439,2117.1,154887.0,157362.0
2025-06-18 11:07:44.792152,2117.6,154887.0,157362.0
2025-06-18 11:07:44.799924,2117.6,155093.0,152260.0
2025-06-18 11:07:45.172152,2117.5,155093.0,152260.0
2025-06-18 11:07:45.771632,2117.5,155293.0,153502.0
2025-06-18 11:07:46.171530,2117.5,155293.0,153502.0
2025-06-18 11:07:46.873010,2117.6,154019.0,152600.0
2025-06-18 11:07:47.173862,2117.6,154019.0,152600.0
2025-06-18 11:07:47.873735,2117.7,155672.0,152770.0
2025-06-18 11:07:48.167742,2117.7,155672.0,152770.0
2025-06-18 11:07:48.775971,2117.8,155581.0,152482.0
2025-06-18 11:07:49.166337,2117.8,155581.0,152482.0
2025-06-18 11:07:49.873475,2117.9,155279.0,152304.0
2025-06-18 11:07:50.168595,2117.9,155279.0,152304.0
2025-06-18 11:07:50.980367,2118.3,156594.0,152456.0
2025-06-18 11:07:51.172948,2118.3,156594.0,152456.0
2025-06-18 11:07:51.985599,2118.2,157357.0,151797.0
2025-06-18 11:07:52.172939,2118.2,157357.0,151797.0
2025-06-18 11:07:53.074980,2118.2,155556.0,153541.0
2025-06-18 11:07:53.167478,2118.2,155556.0,153541.0
2025-06-18 11:07:54.072983,2117.8,156043.0,153491.0
2025-06-18 11:07:54.165247,2117.8,156043.0,153491.0
2025-06-18 11:07:55.162684,2117.6,156043.0,153491.0
2025-06-18 11:07:55.200923,2117.6,154513.0,154445.0
2025-06-18 11:07:56.174581,2118.4,154513.0,154445.0
2025-06-18 11:07:56.187303,2118.4,154386.0,154482.0
2025-06-18 11:07:57.167002,2118.6,154386.0,154482.0
2025-06-18 11:07:57.175398,2118.6,154900.0,153674.0
2025-06-18 11:07:58.176548,2118.9,154900.0,153674.0
2025-06-18 11:07:58.280003,2118.9,155299.0,153193.0
2025-06-18 11:07:59.169059,2117.8,155299.0,153193.0
2025-06-18 11:07:59.177325,2117.8,155057.0,154320.0
2025-06-18 11:08:00.435221,2117.6,155057.0,154320.0
2025-06-18 11:08:00.475830,2117.6,154385.0,153665.0
2025-06-18 11:08:01.278745,2117.5,154362.0,153975.0
2025-06-18 11:08:02.191311,2117.5,154362.0,153975.0
2025-06-18 11:08:02.378524,2117.5,154263.0,154398.0
2025-06-18 11:08:03.168052,2117.5,154263.0,154398.0
2025-06-18 11:08:03.482617,2117.5,154347.0,154200.0
2025-06-18 11:08:04.173200,2117.3,154347.0,154200.0
2025-06-18 11:08:04.582768,2117.3,153917.0,155696.0
2025-06-18 11:08:05.183960,2117.5,153917.0,155696.0
2025-06-18 11:08:05.581781,2117.5,155042.0,155212.0
2025-06-18 11:08:06.164876,2117.3,155042.0,155212.0
2025-06-18 11:08:06.724374,2117.2,154848.0,155476.0
2025-06-18 11:08:07.169934,2117.5,154848.0,155476.0
2025-06-18 11:08:07.785805,2117.2,153721.0,155341.0
2025-06-18 11:08:08.169728,2117.2,153721.0,155341.0
2025-06-18 11:08:08.884160,2117.5,154822.0,154825.0
2025-06-18 11:08:09.222355,2117.5,154822.0,154825.0
2025-06-18 11:08:09.993353,2117.6,154144.0,153836.0
2025-06-18 11:08:10.176695,2117.8,154144.0,153836.0
2025-06-18 11:08:11.027396,2117.5,155481.0,154003.0
2025-06-18 11:08:11.171776,2117.5,155481.0,154003.0
2025-06-18 11:08:12.251034,2117.5,154233.0,153748.0
2025-06-18 11:08:12.252107,2117.5,154233.0,153748.0
2025-06-18 11:08:12.994041,2117.5,154577.0,152807.0
2025-06-18 11:08:13.167982,2117.5,154577.0,152807.0
2025-06-18 11:08:14.172765,2117.8,154798.0,153028.0
2025-06-18 11:08:14.184469,2117.8,154798.0,153028.0
2025-06-18 11:08:15.171662,2117.6,155969.0,153037.0
2025-06-18 11:08:15.193762,2117.6,155969.0,153037.0
2025-06-18 11:08:15.888952,2117.6,155614.0,153270.0
2025-06-18 11:08:16.178566,2117.6,155614.0,153270.0
2025-06-18 11:08:20.436347,2117.6,155658.0,153248.0
2025-06-18 11:08:20.491309,2117.6,155593.0,153295.0
2025-06-18 11:08:20.528297,2117.6,155593.0,153295.0
2025-06-18 11:08:20.533143,2117.6,155630.0,153386.0
2025-06-18 11:08:20.536113,2117.6,155630.0,153386.0
2025-06-18 11:08:20.568947,2117.6,155125.0,153557.0
2025-06-18 11:08:21.293535,2117.6,155190.0,153482.0
2025-06-18 11:08:22.394719,2117.6,155266.0,153027.0
2025-06-18 11:08:24.038735,2117.6,155678.0,153123.0
2025-06-18 11:08:24.168561,2118.1,155678.0,153123.0
2025-06-18 11:08:24.597778,2117.7,155479.0,152863.0
2025-06-18 11:08:25.164149,2117.7,155479.0,152863.0
2025-06-18 11:08:25.697278,2117.7,155340.0,153084.0
2025-06-18 11:08:26.165530,2117.7,155340.0,153084.0
2025-06-18 11:08:26.701150,2117.7,155374.0,152951.0
2025-06-18 11:08:27.167821,2117.7,155374.0,152951.0
2025-06-18 11:08:27.699318,2117.7,154045.0,153203.0
2025-06-18 11:08:28.169617,2117.6,154045.0,153203.0
2025-06-18 11:08:28.701880,2117.6,155235.0,153232.0
2025-06-18 11:08:29.702694,2117.6,155312.0,153195.0
2025-06-18 11:08:30.702689,2117.6,155283.0,153650.0
2025-06-18 11:08:31.603067,2117.6,155241.0,153688.0
2025-06-18 11:08:32.704560,2118.1,155190.0,153693.0
2025-06-18 11:08:33.170879,2118.1,155190.0,153693.0
2025-06-18 11:08:33.835167,2117.9,154278.0,152926.0
2025-06-18 11:08:34.165498,2117.9,154278.0,152926.0
2025-06-18 11:08:34.905843,2117.7,155318.0,153149.0
2025-06-18 11:08:35.165380,2117.7,155318.0,153149.0
2025-06-18 11:08:36.167998,2117.7,155318.0,153149.0
2025-06-18 11:08:36.911986,2117.9,156073.0,153485.0
2025-06-18 11:08:37.168184,2117.6,156073.0,153485.0
2025-06-18 11:08:37.907155,2117.6,156016.0,153868.0
2025-06-18 11:08:38.167701,2117.7,156016.0,153868.0
2025-06-18 11:08:38.908715,2117.7,156098.0,153951.0
2025-06-18 11:08:39.168660,2117.9,156098.0,153951.0
2025-06-18 11:08:39.909787,2117.9,155763.0,154107.0
2025-06-18 11:08:41.019505,2117.9,155758.0,154086.0
2025-06-18 11:08:42.111076,2118.0,155691.0,154444.0
2025-06-18 11:08:42.174608,2118.0,155691.0,154444.0
2025-06-18 11:08:43.110032,2117.5,155493.0,153617.0
2025-06-18 11:08:43.168279,2117.5,155493.0,153617.0
2025-06-18 11:08:44.172836,2117.5,155493.0,153617.0
2025-06-18 11:08:44.216183,2117.5,155486.0,153786.0
2025-06-18 11:08:45.175571,2117.3,155486.0,153786.0
2025-06-18 11:08:45.212589,2117.3,155444.0,154253.0
2025-06-18 11:08:46.198013,2117.4,155444.0,154253.0
2025-06-18 11:08:46.313586,2117.4,155614.0,154194.0
2025-06-18 11:08:47.168451,2117.5,155614.0,154194.0
2025-06-18 11:08:47.410167,2117.5,155561.0,154214.0
2025-06-18 11:08:48.167757,2117.5,155561.0,154214.0
2025-06-18 11:08:48.410023,2117.5,154823.0,154820.0
2025-06-18 11:08:49.409227,2117.5,154740.0,154825.0
2025-06-18 11:08:50.410415,2117.5,154646.0,155131.0
2025-06-18 11:08:51.516923,2117.5,155586.0,154946.0
2025-06-18 11:08:52.167533,2118.0,155586.0,154946.0
2025-06-18 11:08:52.611310,2117.7,155114.0,154829.0
2025-06-18 11:08:53.170100,2117.7,155114.0,154829.0
2025-06-18 11:08:53.613083,2118.0,154734.0,154785.0
2025-06-18 11:08:54.170321,2118.1,154734.0,154785.0
2025-06-18 11:08:54.612603,2117.7,154716.0,154796.0
2025-06-18 11:08:55.165997,2118.1,154716.0,154796.0
2025-06-18 11:08:55.616992,2117.7,155071.0,154816.0
2025-06-18 11:08:56.173031,2117.7,155071.0,154816.0
2025-06-18 11:08:56.612676,2117.7,154865.0,154816.0
2025-06-18 11:08:57.515517,2117.7,154878.0,154827.0
2025-06-18 11:08:58.615033,2117.7,154626.0,155046.0
2025-06-18 11:08:59.722403,2117.7,154574.0,155078.0
2025-06-18 11:09:00.825826,2117.7,154619.0,155079.0
2025-06-18 11:09:02.817541,2117.7,153682.0,155078.0
2025-06-18 11:09:03.826785,2117.7,155290.0,155078.0
2025-06-18 11:09:04.172886,2117.7,155290.0,155078.0
2025-06-18 11:09:04.917216,2117.7,155149.0,155078.0
2025-06-18 11:09:05.171542,2117.7,155149.0,155078.0
2025-06-18 11:09:05.826645,2117.7,155290.0,155057.0
2025-06-18 11:09:06.170487,2117.9,155290.0,155057.0
2025-06-18 11:09:06.719100,2117.9,155868.0,154949.0
2025-06-18 11:09:07.167344,2118.0,155868.0,154949.0
2025-06-18 11:09:07.719460,2117.9,155221.0,154853.0
2025-06-18 11:09:08.169215,2117.9,155221.0,154853.0
2025-06-18 11:09:08.622081,2117.9,155101.0,154854.0
2025-06-18 11:09:09.166812,2118.2,155101.0,154854.0
2025-06-18 11:09:09.742948,2118.2,156502.0,150790.0
2025-06-18 11:09:10.171366,2118.2,156502.0,150790.0
2025-06-18 11:09:10.525099,2118.0,157205.0,152381.0
2025-06-18 11:09:11.168273,2118.0,157205.0,152381.0
2025-06-18 11:09:11.529467,2118.0,157160.0,151861.0
2025-06-18 11:09:12.166182,2118.1,157160.0,151861.0
2025-06-18 11:09:14.261800,2118.0,157355.0,151769.0
2025-06-18 11:09:14.305187,2118.0,157355.0,151769.0
2025-06-18 11:09:14.310841,2118.0,157891.0,152188.0
2025-06-18 11:09:14.344936,2118.1,157891.0,152188.0
2025-06-18 11:09:15.173532,2118.1,157891.0,152188.0
2025-06-18 11:09:15.221938,2118.1,157506.0,152320.0
2025-06-18 11:09:16.321656,2118.1,157501.0,152346.0
2025-06-18 11:09:17.424167,2118.1,157441.0,152354.0
2025-06-18 11:09:18.869117,2118.1,157441.0,152354.0
2025-06-18 11:09:18.877439,2118.1,157795.0,152340.0
2025-06-18 11:09:19.823908,2118.1,157697.0,152348.0
2025-06-18 11:09:21.425529,2118.1,157892.0,152316.0
2025-06-18 11:09:22.165353,2118.3,157892.0,152316.0
2025-06-18 11:09:22.327150,2118.2,157826.0,152240.0
2025-06-18 11:09:23.173312,2118.3,157826.0,152240.0
2025-06-18 11:09:23.426019,2118.3,157955.0,152187.0
2025-06-18 11:09:24.326562,2118.3,157937.0,152278.0
2025-06-18 11:09:25.176631,2118.2,157937.0,152278.0
2025-06-18 11:09:25.327942,2118.2,158198.0,152265.0
2025-06-18 11:09:26.331365,2118.2,157935.0,152265.0
2025-06-18 11:09:27.166560,2118.2,157935.0,152265.0
2025-06-18 11:09:27.431696,2118.2,158585.0,152264.0
2025-06-18 11:09:28.531317,2118.2,158593.0,152271.0
2025-06-18 11:09:29.177451,2118.3,158593.0,152271.0
2025-06-18 11:09:29.531846,2118.3,158593.0,152271.0
2025-06-18 11:09:30.177274,2118.2,158593.0,152271.0
2025-06-18 11:09:30.635591,2118.2,158596.0,152321.0
2025-06-18 11:09:31.169239,2118.2,158596.0,152321.0
2025-06-18 11:09:31.735113,2118.2,158478.0,152371.0
2025-06-18 11:09:32.178279,2118.2,158478.0,152371.0
2025-06-18 11:09:32.734338,2118.3,158477.0,152351.0
2025-06-18 11:09:33.174510,2118.2,158477.0,152351.0
2025-06-18 11:09:33.735994,2118.3,158421.0,151216.0
2025-06-18 11:09:34.174131,2118.3,158421.0,151216.0
2025-06-18 11:09:34.835838,2118.3,158164.0,152187.0
2025-06-18 11:09:35.171646,2119.0,158164.0,152187.0
2025-06-18 11:09:35.939345,2118.2,159708.0,152731.0
2025-06-18 11:09:36.171050,2118.2,159708.0,152731.0
2025-06-18 11:09:37.039535,2119.0,161133.0,150300.0
2025-06-18 11:09:37.174330,2119.0,161133.0,150300.0
2025-06-18 11:09:38.145750,2119.0,161765.0,151044.0
2025-06-18 11:09:38.182184,2119.0,161765.0,151044.0
2025-06-18 11:09:39.895267,2119.1,161765.0,151044.0
2025-06-18 11:09:39.901174,2119.1,162038.0,151075.0
2025-06-18 11:09:40.143827,2119.0,159114.0,150801.0
2025-06-18 11:09:40.169541,2119.0,159114.0,150801.0
2025-06-18 11:09:41.168711,2119.0,159114.0,150801.0
2025-06-18 11:09:41.237059,2119.0,159725.0,150820.0
2025-06-18 11:09:42.176284,2119.0,159725.0,150820.0
2025-06-18 11:09:42.238340,2119.0,159305.0,150851.0
2025-06-18 11:09:43.237731,2119.0,159811.0,152928.0
2025-06-18 11:09:44.188130,2119.1,159811.0,152928.0
2025-06-18 11:09:44.342989,2119.1,160265.0,152713.0
2025-06-18 11:09:45.175724,2119.0,160265.0,152713.0
2025-06-18 11:09:45.340753,2119.1,160291.0,152736.0
2025-06-18 11:09:46.252479,2119.0,160291.0,152736.0
2025-06-18 11:09:46.342280,2119.0,160288.0,152740.0
2025-06-18 11:09:47.184172,2119.0,160288.0,152740.0
2025-06-18 11:09:47.342328,2119.0,160290.0,152740.0
2025-06-18 11:09:48.248525,2119.0,160290.0,152740.0
2025-06-18 11:09:48.440356,2119.0,159952.0,152700.0
2025-06-18 11:09:49.141378,2119.0,159952.0,152700.0
2025-06-18 11:09:49.173911,2119.0,159952.0,152700.0
2025-06-18 11:09:49.540283,2119.0,160273.0,153179.0
2025-06-18 11:09:50.063587,2119.0,160273.0,153179.0
2025-06-18 11:09:50.170356,2119.0,160273.0,153179.0
2025-06-18 11:09:50.544820,2119.0,159042.0,153087.0
2025-06-18 11:09:50.870220,2119.0,159042.0,153087.0
2025-06-18 11:09:51.545551,2119.0,159058.0,153061.0
2025-06-18 11:09:51.641756,2119.0,159058.0,153061.0
2025-06-18 11:09:52.545246,2119.1,160232.0,152918.0
2025-06-18 11:09:52.638979,2119.1,160232.0,152918.0
2025-06-18 11:09:53.177083,2119.0,160232.0,152918.0
2025-06-18 11:09:53.230828,2119.0,160232.0,152918.0
2025-06-18 11:09:53.642649,2119.0,160314.0,152542.0
2025-06-18 11:09:54.129740,2119.0,160314.0,152542.0
2025-06-18 11:09:54.185277,2119.3,160314.0,152542.0
2025-06-18 11:09:54.469378,2119.3,160314.0,152542.0
2025-06-18 11:09:54.650367,2119.3,160000.0,152594.0
2025-06-18 11:09:55.180017,2119.2,160000.0,152594.0
2025-06-18 11:09:55.343129,2119.2,160000.0,152594.0
2025-06-18 11:09:55.742914,2119.0,160023.0,152625.0
2025-06-18 11:09:56.171875,2119.0,160023.0,152625.0
2025-06-18 11:09:56.591462,2119.0,160023.0,152625.0
2025-06-18 11:09:56.742109,2119.0,158810.0,152661.0
2025-06-18 11:09:57.178991,2119.0,158810.0,152661.0
2025-06-18 11:09:57.591977,2119.0,158810.0,152661.0
2025-06-18 11:09:57.842725,2119.0,160022.0,152788.0
2025-06-18 11:09:58.177362,2119.0,160022.0,152788.0
2025-06-18 11:09:58.954422,2119.0,160051.0,152798.0
2025-06-18 11:09:58.984250,2119.0,160051.0,152798.0
2025-06-18 11:09:59.177876,2119.0,160051.0,152798.0
2025-06-18 11:10:00.045356,2119.0,160050.0,152407.0
2025-06-18 11:10:00.128111,2119.0,160050.0,152407.0
2025-06-18 11:10:00.170706,2119.0,160050.0,152407.0
2025-06-18 11:10:01.255754,2119.0,160050.0,152407.0
2025-06-18 11:10:01.444458,2118.7,158774.0,152127.0
2025-06-18 11:10:02.170275,2119.1,158774.0,152127.0
2025-06-18 11:10:02.545942,2119.1,159030.0,152117.0
2025-06-18 11:10:02.724406,2119.1,159030.0,152117.0
2025-06-18 11:10:03.213232,2118.1,159030.0,152117.0
2025-06-18 11:10:03.546116,2118.1,159062.0,152147.0
2025-06-18 11:10:04.170128,2118.2,159062.0,152147.0
2025-06-18 11:10:04.655547,2118.1,159926.0,152145.0
2025-06-18 11:10:05.170200,2118.1,159926.0,152145.0
2025-06-18 11:10:05.749548,2118.2,159883.0,152473.0
2025-06-18 11:10:06.172940,2118.1,159883.0,152473.0
2025-06-18 11:10:06.848818,2118.6,161438.0,151671.0
2025-06-18 11:10:07.176360,2118.6,161438.0,151671.0
2025-06-18 11:10:09.450202,2118.3,160740.0,152158.0
2025-06-18 11:10:09.454316,2118.6,160740.0,152158.0
2025-06-18 11:10:09.509793,2118.3,160736.0,151865.0
2025-06-18 11:10:09.512119,2118.3,160736.0,151865.0
2025-06-18 11:10:09.950995,2118.3,160699.0,151687.0
2025-06-18 11:10:10.957063,2118.7,161768.0,150324.0
2025-06-18 11:10:11.186669,2118.7,161768.0,150324.0
2025-06-18 11:10:11.957092,2118.7,160542.0,150066.0
2025-06-18 11:10:12.173078,2118.5,160542.0,150066.0
2025-06-18 11:10:12.965655,2118.5,160752.0,150528.0
2025-06-18 11:10:13.177209,2118.5,160752.0,150528.0
2025-06-18 11:10:13.962873,2118.5,161284.0,150476.0
2025-06-18 11:10:14.179347,2118.5,161284.0,150476.0
2025-06-18 11:10:15.056855,2118.5,160766.0,151192.0
2025-06-18 11:10:16.157590,2118.6,160894.0,152241.0
2025-06-18 11:10:16.174975,2118.6,160894.0,152241.0
2025-06-18 11:10:17.161073,2118.5,159479.0,151759.0
2025-06-18 11:10:17.182582,2118.5,159479.0,151759.0
2025-06-18 11:10:18.171204,2118.6,159479.0,151759.0
2025-06-18 11:10:18.254041,2118.6,161762.0,151393.0
2025-06-18 11:10:19.169046,2118.5,161762.0,151393.0
2025-06-18 11:10:19.352744,2118.5,161605.0,152119.0
2025-06-18 11:10:20.171642,2119.0,161605.0,152119.0
2025-06-18 11:10:20.352890,2119.0,160463.0,153141.0
2025-06-18 11:10:21.186648,2118.5,160463.0,153141.0
2025-06-18 11:10:21.355827,2118.5,160130.0,153064.0
2025-06-18 11:10:22.176097,2118.5,160130.0,153064.0
2025-06-18 11:10:22.356229,2118.5,160649.0,151235.0
2025-06-18 11:10:23.173740,2118.5,160649.0,151235.0
2025-06-18 11:10:23.255684,2119.3,159661.0,150809.0
2025-06-18 11:10:24.181517,2118.3,159661.0,150809.0
2025-06-18 11:10:24.255765,2118.3,161004.0,151246.0
2025-06-18 11:10:25.177950,2118.2,161004.0,151246.0
2025-06-18 11:10:25.256053,2118.2,161242.0,151940.0
2025-06-18 11:10:26.177482,2118.2,161242.0,151940.0
2025-06-18 11:10:26.256287,2118.2,159643.0,151495.0
2025-06-18 11:10:27.165223,2118.2,159772.0,152157.0
2025-06-18 11:10:27.181047,2118.2,159772.0,152157.0
2025-06-18 11:10:28.167485,2118.2,159781.0,152197.0
2025-06-18 11:10:28.182254,2118.2,159781.0,152197.0
2025-06-18 11:10:29.167627,2118.2,159769.0,152227.0
2025-06-18 11:10:29.175664,2118.2,159769.0,152227.0
2025-06-18 11:10:30.165619,2118.2,159565.0,152634.0
2025-06-18 11:10:30.172947,2118.2,159565.0,152634.0
2025-06-18 11:10:31.170344,2118.6,160174.0,152005.0
2025-06-18 11:10:31.183127,2118.6,160174.0,152005.0
2025-06-18 11:10:32.166392,2118.2,159794.0,151922.0
2025-06-18 11:10:32.175331,2118.2,159794.0,151922.0
2025-06-18 11:10:33.166806,2118.2,159919.0,150957.0
2025-06-18 11:10:33.173900,2118.2,159919.0,150957.0
2025-06-18 11:10:34.172096,2118.3,161869.0,152401.0
2025-06-18 11:10:34.178266,2118.3,161869.0,152401.0
2025-06-18 11:10:35.167570,2118.2,161631.0,151832.0
2025-06-18 11:10:35.174645,2118.2,161631.0,151832.0
2025-06-18 11:10:36.165904,2118.6,160404.0,151887.0
2025-06-18 11:10:36.170868,2118.6,160404.0,151887.0
2025-06-18 11:10:37.170731,2118.8,160712.0,152057.0
2025-06-18 11:10:37.173396,2118.8,160712.0,152057.0
2025-06-18 11:10:38.174018,2118.8,160712.0,152057.0
2025-06-18 11:10:38.177362,2118.8,160546.0,151243.0
2025-06-18 11:10:39.170407,2119.0,160546.0,151243.0
2025-06-18 11:10:39.269219,2119.0,160827.0,152026.0
2025-06-18 11:10:40.171900,2118.2,160827.0,152026.0
2025-06-18 11:10:40.268254,2118.2,160705.0,152001.0
2025-06-18 11:10:41.181205,2118.2,160705.0,152001.0
2025-06-18 11:10:41.268042,2118.2,160639.0,151899.0
2025-06-18 11:10:42.267805,2118.2,160758.0,151938.0
2025-06-18 11:10:43.173670,2118.2,160758.0,151938.0
2025-06-18 11:10:43.368592,2118.2,160174.0,152094.0
2025-06-18 11:10:44.172119,2118.2,160174.0,152094.0
2025-06-18 11:10:44.269922,2119.0,160631.0,151955.0
2025-06-18 11:10:45.171392,2118.2,160631.0,151955.0
2025-06-18 11:10:45.178906,2118.2,160605.0,151930.0
2025-06-18 11:10:46.171194,2118.2,160605.0,151930.0
2025-06-18 11:10:46.270841,2118.2,160582.0,151943.0
2025-06-18 11:10:47.371573,2118.2,160683.0,151987.0
2025-06-18 11:10:48.572350,2118.2,160612.0,151998.0
2025-06-18 11:10:49.173375,2119.0,160612.0,151998.0
2025-06-18 11:10:49.575654,2119.0,160392.0,152312.0
2025-06-18 11:10:50.178089,2118.3,160392.0,152312.0
2025-06-18 11:10:50.572997,2118.7,160636.0,151928.0
2025-06-18 11:10:51.174612,2118.7,160636.0,151928.0
2025-06-18 11:10:51.786707,2118.3,160431.0,151862.0
2025-06-18 11:10:52.178808,2118.3,160431.0,151862.0
2025-06-18 11:10:52.881008,2118.3,160837.0,151228.0
2025-06-18 11:10:53.181211,2118.3,160837.0,151228.0
2025-06-18 11:10:53.876614,2118.4,160662.0,150946.0
2025-06-18 11:10:54.177477,2118.4,160662.0,150946.0
2025-06-18 11:10:54.878085,2118.4,160079.0,151292.0
2025-06-18 11:10:55.175158,2118.3,160079.0,151292.0
2025-06-18 11:10:55.880239,2118.3,160428.0,151296.0
2025-06-18 11:10:56.170757,2118.3,160428.0,151296.0
2025-06-18 11:10:56.881014,2118.3,160459.0,151297.0
2025-06-18 11:10:57.883148,2118.3,159551.0,151942.0
2025-06-18 11:10:58.883473,2119.0,159521.0,151593.0
2025-06-18 11:10:59.170770,2119.0,159521.0,151593.0
2025-06-18 11:10:59.784641,2118.3,159609.0,151610.0
2025-06-18 11:11:00.171736,2118.3,159609.0,151610.0
2025-06-18 11:11:00.784252,2118.3,159454.0,152235.0
2025-06-18 11:11:02.197911,2118.3,159454.0,152235.0
2025-06-18 11:11:02.207318,2118.3,159578.0,152199.0
2025-06-18 11:11:03.173055,2119.1,159578.0,152199.0
2025-06-18 11:11:03.187790,2119.1,155535.0,152219.0
2025-06-18 11:11:04.192014,2119.1,159500.0,152157.0
2025-06-18 11:11:05.089647,2119.1,159366.0,152148.0
2025-06-18 11:11:06.125787,2118.2,159415.0,152231.0
2025-06-18 11:11:06.174225,2118.2,159415.0,152231.0
2025-06-18 11:11:07.201011,2118.2,159367.0,152449.0
2025-06-18 11:11:08.204380,2118.2,159385.0,152449.0
2025-06-18 11:11:09.190471,2119.1,159385.0,152449.0
2025-06-18 11:11:09.198797,2119.1,159459.0,152505.0
2025-06-18 11:11:10.170388,2118.7,159459.0,152505.0
2025-06-18 11:11:10.197237,2118.7,160177.0,152615.0
2025-06-18 11:11:11.177268,2118.6,160177.0,152615.0
2025-06-18 11:11:11.294676,2118.6,159829.0,152538.0
2025-06-18 11:11:12.172122,2118.6,159829.0,152538.0
2025-06-18 11:11:12.295282,2118.6,159877.0,152552.0
2025-06-18 11:11:13.394983,2118.6,159867.0,152549.0
2025-06-18 11:11:14.501621,2118.6,159882.0,152562.0
2025-06-18 11:11:15.170745,2119.1,159882.0,152562.0
2025-06-18 11:11:15.504015,2119.1,159848.0,152550.0
2025-06-18 11:11:16.170592,2118.6,159848.0,152550.0
2025-06-18 11:11:16.504954,2118.6,159874.0,151936.0
2025-06-18 11:11:17.187775,2118.6,159874.0,151936.0
2025-06-18 11:11:17.595051,2118.6,159844.0,152594.0
2025-06-18 11:11:18.179886,2118.7,159844.0,152594.0
2025-06-18 11:11:18.596019,2118.7,159614.0,152395.0
2025-06-18 11:11:19.178657,2118.7,159614.0,152395.0
2025-06-18 11:11:19.596446,2118.7,159515.0,152239.0
2025-06-18 11:11:20.174836,2118.7,159515.0,152239.0
2025-06-18 11:11:20.596670,2118.7,159624.0,152643.0
2025-06-18 11:11:21.183006,2118.6,159624.0,152643.0
2025-06-18 11:11:21.596314,2118.6,159656.0,152839.0
2025-06-18 11:11:22.178941,2118.6,159656.0,152839.0
2025-06-18 11:11:22.597338,2118.6,160019.0,152346.0
2025-06-18 11:11:23.171242,2118.6,160019.0,152346.0
2025-06-18 11:11:23.599346,2118.6,159628.0,152290.0
2025-06-18 11:11:24.173187,2118.6,159628.0,152290.0
2025-06-18 11:11:24.599027,2118.6,159647.0,152321.0
2025-06-18 11:11:25.181331,2118.6,159647.0,152321.0
2025-06-18 11:11:25.600105,2118.6,159697.0,152608.0
2025-06-18 11:11:26.698782,2118.6,159709.0,152614.0
2025-06-18 11:11:27.699127,2118.6,159689.0,152686.0
2025-06-18 11:11:28.177979,2118.6,159689.0,152686.0
2025-06-18 11:11:28.700331,2118.6,159687.0,152686.0
2025-06-18 11:11:29.190402,2118.6,159687.0,152686.0
2025-06-18 11:11:29.701603,2118.6,159687.0,152690.0
2025-06-18 11:11:30.701443,2118.6,159760.0,153025.0
2025-06-18 11:11:31.703225,2118.6,159692.0,152953.0
2025-06-18 11:11:32.806384,2119.1,159607.0,152950.0
2025-06-18 11:11:33.173059,2118.8,159607.0,152950.0
2025-06-18 11:11:33.906026,2118.8,159832.0,152912.0
2025-06-18 11:11:35.016998,2118.8,159831.0,152912.0
2025-06-18 11:11:35.177860,2119.1,159831.0,152912.0
2025-06-18 11:11:36.018693,2118.8,159828.0,152907.0
2025-06-18 11:11:36.174476,2118.8,159828.0,152907.0
2025-06-18 11:11:37.019328,2118.9,159932.0,153132.0
2025-06-18 11:11:37.180833,2118.9,159932.0,153132.0
2025-06-18 11:11:38.114486,2118.8,160082.0,153025.0
2025-06-18 11:11:38.179946,2118.8,160082.0,153025.0
2025-06-18 11:11:39.178611,2118.9,160082.0,153025.0
2025-06-18 11:11:39.213067,2118.9,160097.0,153040.0
2025-06-18 11:11:40.173163,2118.1,160097.0,153040.0
2025-06-18 11:11:40.309311,2118.1,159150.0,152305.0
2025-06-18 11:11:41.178763,2118.2,159150.0,152305.0
2025-06-18 11:11:41.208653,2118.2,159615.0,152509.0
2025-06-18 11:11:42.177981,2118.3,159615.0,152509.0
2025-06-18 11:11:42.216206,2118.3,160014.0,151796.0
2025-06-18 11:11:43.179754,2118.3,160014.0,151796.0
2025-06-18 11:11:43.210800,2118.3,159871.0,152429.0
2025-06-18 11:11:44.179738,2118.3,159871.0,152429.0
2025-06-18 11:11:44.216363,2118.3,159690.0,152027.0
2025-06-18 11:11:45.183059,2118.4,159690.0,152027.0
2025-06-18 11:11:45.311917,2118.4,159980.0,151803.0
2025-06-18 11:11:46.172712,2118.4,159980.0,151803.0
2025-06-18 11:11:46.211918,2118.4,159919.0,151609.0
2025-06-18 11:11:47.200322,2119.0,159919.0,151609.0
2025-06-18 11:11:47.216717,2119.0,160825.0,152228.0
2025-06-18 11:11:48.183086,2118.3,160825.0,152228.0
2025-06-18 11:11:48.217045,2118.3,160740.0,151741.0
2025-06-18 11:11:49.182933,2118.4,160740.0,151741.0
2025-06-18 11:11:49.214093,2118.4,159966.0,152115.0
2025-06-18 11:11:50.315609,2118.4,160847.0,152584.0
2025-06-18 11:11:51.222230,2118.4,161052.0,152444.0
2025-06-18 11:11:52.317627,2118.4,161113.0,152427.0
2025-06-18 11:11:53.416276,2118.4,161106.0,152394.0
2025-06-18 11:11:54.184200,2119.2,161106.0,152394.0
2025-06-18 11:11:54.529579,2119.2,161294.0,152345.0
2025-06-18 11:11:55.192444,2119.2,161294.0,152345.0
2025-06-18 11:11:55.622841,2119.0,160800.0,152351.0
2025-06-18 11:11:56.178309,2119.0,160800.0,152351.0
2025-06-18 11:11:56.535524,2119.0,161100.0,152316.0
2025-06-18 11:11:57.186161,2119.0,161100.0,152316.0
2025-06-18 11:11:57.622952,2119.0,161074.0,152327.0
2025-06-18 11:11:58.724880,2119.0,161233.0,152384.0
2025-06-18 11:11:59.824856,2119.0,161145.0,152413.0
2025-06-18 11:12:02.329558,2119.0,161294.0,152210.0
2025-06-18 11:12:03.038558,2119.2,161002.0,152204.0
2025-06-18 11:12:03.188612,2119.2,161002.0,152204.0
2025-06-18 11:12:04.127637,2119.0,161159.0,152172.0
2025-06-18 11:12:04.181453,2119.0,161159.0,152172.0
2025-06-18 11:12:05.037815,2119.0,160200.0,152169.0
2025-06-18 11:12:05.179505,2119.0,160200.0,152169.0
2025-06-18 11:12:06.130612,2119.2,161488.0,151910.0
2025-06-18 11:12:06.178798,2119.2,161488.0,151910.0
2025-06-18 11:12:07.179171,2119.1,161488.0,151910.0
2025-06-18 11:12:07.228517,2119.1,161843.0,151866.0
2025-06-18 11:12:08.330305,2119.1,161715.0,151807.0
2025-06-18 11:12:10.116311,2119.1,161715.0,151807.0
2025-06-18 11:12:10.165386,2119.1,161757.0,151865.0
2025-06-18 11:12:10.180339,2119.2,161757.0,151865.0
2025-06-18 11:12:10.327919,2119.2,162691.0,150195.0
2025-06-18 11:12:11.330677,2119.2,162845.0,150196.0
2025-06-18 11:12:12.434172,2119.2,162784.0,150212.0
2025-06-18 11:12:13.186809,2119.3,162784.0,150212.0
2025-06-18 11:12:13.433766,2119.3,162763.0,150199.0
2025-06-18 11:12:14.180881,2119.3,162763.0,150199.0
2025-06-18 11:12:14.433491,2119.3,162379.0,150423.0
2025-06-18 11:12:15.179058,2119.5,162379.0,150423.0
2025-06-18 11:12:15.336228,2119.4,162410.0,150723.0
2025-06-18 11:12:16.180676,2119.4,162410.0,150723.0
2025-06-18 11:12:16.434709,2119.4,162755.0,150151.0
2025-06-18 11:12:18.037668,2119.4,162663.0,150230.0
2025-06-18 11:12:18.211755,2119.4,162663.0,150230.0
2025-06-18 11:12:19.178556,2119.5,162663.0,150230.0
2025-06-18 11:12:19.738432,2119.5,161509.0,150242.0
2025-06-18 11:12:20.837211,2119.5,162663.0,150242.0
2025-06-18 11:12:21.840426,2119.3,161376.0,150410.0
2025-06-18 11:12:22.179460,2119.3,161376.0,150410.0
2025-06-18 11:12:22.944788,2119.1,160484.0,151025.0
2025-06-18 11:12:23.179864,2119.1,160484.0,151025.0
2025-06-18 11:12:23.941951,2119.3,160923.0,150766.0
2025-06-18 11:12:24.180612,2119.3,160923.0,150766.0
2025-06-18 11:12:25.047315,2119.1,162166.0,150721.0
2025-06-18 11:12:25.179466,2119.1,162166.0,150721.0
2025-06-18 11:12:26.048407,2119.1,162277.0,150747.0
2025-06-18 11:12:27.249744,2119.1,161973.0,150802.0
2025-06-18 11:12:28.347178,2119.1,161949.0,150880.0
2025-06-18 11:12:29.176968,2119.1,161949.0,150880.0
2025-06-18 11:12:29.447813,2119.1,161853.0,150894.0
2025-06-18 11:12:30.187944,2119.1,161853.0,150894.0
2025-06-18 11:12:30.547211,2119.1,161840.0,150800.0
2025-06-18 11:12:31.181882,2119.2,161840.0,150800.0
2025-06-18 11:12:31.554896,2119.1,162173.0,150768.0
2025-06-18 11:12:32.206887,2119.1,162173.0,150768.0
2025-06-18 11:12:32.655403,2119.0,160161.0,152745.0
2025-06-18 11:12:33.181325,2119.0,160161.0,152745.0
2025-06-18 11:12:33.749529,2119.0,160700.0,152978.0
2025-06-18 11:12:34.183156,2119.0,160700.0,152978.0
2025-06-18 11:12:34.850303,2119.0,159462.0,152925.0
2025-06-18 11:12:36.202484,2119.0,159462.0,152925.0
2025-06-18 11:12:36.259149,2119.0,160343.0,152830.0
2025-06-18 11:12:37.180882,2119.0,160343.0,152830.0
2025-06-18 11:12:37.352582,2119.0,160617.0,152856.0
2025-06-18 11:12:38.453696,2119.0,160586.0,152753.0
2025-06-18 11:12:39.561630,2119.0,160312.0,152775.0
2025-06-18 11:12:40.182320,2119.0,160312.0,152775.0
2025-06-18 11:12:40.554448,2119.0,160506.0,152788.0
2025-06-18 11:12:41.222276,2119.0,160506.0,152788.0
2025-06-18 11:12:41.560000,2119.0,158564.0,152743.0
2025-06-18 11:12:42.668796,2119.0,160253.0,152715.0
2025-06-18 11:12:43.661784,2119.0,160295.0,152703.0
2025-06-18 11:12:44.761407,2119.0,160251.0,152665.0
2025-06-18 11:12:45.181861,2119.0,160251.0,152665.0
2025-06-18 11:12:45.762356,2119.0,160242.0,152705.0
2025-06-18 11:12:46.960773,2119.0,160407.0,152701.0
2025-06-18 11:12:47.596525,2119.0,160407.0,152701.0
2025-06-18 11:12:48.059945,2119.0,160061.0,152555.0
2025-06-18 11:12:48.181045,2119.0,160061.0,152555.0
2025-06-18 11:12:48.631028,2119.0,160061.0,152555.0
2025-06-18 11:12:49.060629,2119.0,161200.0,150862.0
2025-06-18 11:12:49.180596,2119.0,161200.0,150862.0
2025-06-18 11:12:49.543465,2119.0,161200.0,150862.0
2025-06-18 11:12:50.164561,2119.0,161431.0,151061.0
2025-06-18 11:12:50.185946,2119.0,161431.0,151061.0
2025-06-18 11:12:50.456258,2119.0,161431.0,151061.0
2025-06-18 11:12:51.168226,2119.0,161070.0,151355.0
2025-06-18 11:12:51.319666,2119.0,161070.0,151355.0
2025-06-18 11:12:52.087125,2119.0,161070.0,151355.0
2025-06-18 11:12:52.766421,2119.0,161150.0,151257.0
2025-06-18 11:12:53.107941,2119.0,161150.0,151257.0
2025-06-18 11:12:53.968298,2119.2,161231.0,151294.0
2025-06-18 11:12:54.049508,2119.2,161231.0,151294.0
2025-06-18 11:12:54.183205,2119.1,161231.0,151294.0
2025-06-18 11:12:54.527360,2119.1,161231.0,151294.0
2025-06-18 11:12:55.065820,2119.0,161086.0,151428.0
2025-06-18 11:12:55.178998,2119.0,161086.0,151428.0
2025-06-18 11:12:55.764499,2119.0,161086.0,151428.0
2025-06-18 11:12:56.070848,2119.0,161128.0,150627.0
2025-06-18 11:12:56.182591,2119.0,161128.0,150627.0
2025-06-18 11:12:57.053056,2119.0,161128.0,150627.0
2025-06-18 11:12:57.185938,2119.0,161128.0,150627.0
2025-06-18 11:12:57.267374,2119.0,160900.0,150954.0
2025-06-18 11:12:57.885102,2119.0,160900.0,150954.0
2025-06-18 11:12:58.187965,2118.7,160900.0,150954.0
2025-06-18 11:12:58.268624,2118.7,161195.0,150834.0
2025-06-18 11:12:59.191608,2118.7,161195.0,150834.0
2025-06-18 11:12:59.294839,2118.7,161195.0,150834.0
2025-06-18 11:12:59.870172,2118.7,161279.0,150642.0
2025-06-18 11:13:00.190519,2118.7,161279.0,150642.0
2025-06-18 11:13:00.403666,2118.7,161279.0,150642.0
2025-06-18 11:13:01.581829,2118.7,161279.0,150642.0
2025-06-18 11:13:01.672492,2118.7,161142.0,150579.0
2025-06-18 11:13:02.181343,2118.7,161142.0,150579.0
2025-06-18 11:13:02.671384,2118.7,161207.0,150783.0
2025-06-18 11:13:03.042889,2118.7,161207.0,150783.0
2025-06-18 11:13:03.772451,2118.7,160855.0,150520.0
2025-06-18 11:13:04.871584,2118.7,160901.0,150756.0
2025-06-18 11:13:05.182426,2118.5,160901.0,150756.0
2025-06-18 11:13:05.873932,2118.6,161183.0,150340.0
2025-06-18 11:13:06.182733,2118.6,161183.0,150340.0
2025-06-18 11:13:06.976058,2118.8,161591.0,150548.0
2025-06-18 11:13:07.183058,2119.0,161591.0,150548.0
2025-06-18 11:13:07.977887,2119.0,160600.0,150379.0
2025-06-18 11:13:08.181166,2119.0,160600.0,150379.0
2025-06-18 11:13:08.979300,2118.5,160511.0,150405.0
2025-06-18 11:13:09.182174,2118.5,160511.0,150405.0
2025-06-18 11:13:09.978235,2118.5,160658.0,150390.0
2025-06-18 11:13:10.181254,2118.5,160658.0,150390.0
2025-06-18 11:13:10.977449,2118.5,160804.0,150259.0
2025-06-18 11:13:12.379286,2118.5,160816.0,150440.0
2025-06-18 11:13:13.479254,2118.5,160739.0,150445.0
2025-06-18 11:13:14.182123,2118.8,160739.0,150445.0
2025-06-18 11:13:14.578339,2118.8,160852.0,150685.0
2025-06-18 11:13:15.187608,2119.1,160852.0,150685.0
2025-06-18 11:13:15.680361,2118.5,160509.0,150489.0
2025-06-18 11:13:16.182399,2118.5,160509.0,150489.0
2025-06-18 11:13:16.781179,2118.5,160876.0,150686.0
2025-06-18 11:13:17.186882,2118.5,160876.0,150686.0
2025-06-18 11:13:17.683457,2118.5,161048.0,150673.0
2025-06-18 11:13:18.783165,2118.5,161263.0,150779.0
2025-06-18 11:13:19.783350,2118.5,161227.0,151005.0
2025-06-18 11:13:20.782826,2118.5,160897.0,151079.0
2025-06-18 11:13:21.885101,2118.5,160970.0,151178.0
2025-06-18 11:13:22.784170,2118.5,160927.0,151173.0
2025-06-18 11:13:23.784217,2118.5,161023.0,151215.0
2025-06-18 11:13:24.185340,2118.9,161023.0,151215.0
2025-06-18 11:13:24.787139,2118.7,160963.0,151211.0
2025-06-18 11:13:25.185888,2118.7,160963.0,151211.0
2025-06-18 11:13:25.786226,2118.7,161900.0,150916.0
2025-06-18 11:13:26.184821,2118.7,161900.0,150916.0
2025-06-18 11:13:26.786160,2118.7,161933.0,150966.0
2025-06-18 11:13:27.183994,2119.0,161933.0,150966.0
2025-06-18 11:13:27.789647,2118.7,162465.0,149315.0
2025-06-18 11:13:28.182878,2118.8,162465.0,149315.0
2025-06-18 11:13:28.788167,2118.8,162325.0,149370.0
2025-06-18 11:13:29.186784,2118.6,162325.0,149370.0
2025-06-18 11:13:29.789779,2118.6,160550.0,149346.0
2025-06-18 11:13:30.188529,2118.7,160550.0,149346.0
2025-06-18 11:13:30.891341,2118.7,161969.0,149886.0
2025-06-18 11:13:31.988932,2118.7,162164.0,149798.0
2025-06-18 11:13:32.896966,2118.9,162048.0,149572.0
2025-06-18 11:13:33.190094,2118.9,162048.0,149572.0
2025-06-18 11:13:34.186472,2118.9,162048.0,149572.0
2025-06-18 11:13:34.591656,2118.9,162758.0,148505.0
2025-06-18 11:13:35.184763,2119.1,162758.0,148505.0
2025-06-18 11:13:35.591700,2119.1,162064.0,148245.0
2025-06-18 11:13:36.184949,2119.1,162064.0,148245.0
2025-06-18 11:13:36.594414,2119.1,161999.0,148496.0
2025-06-18 11:13:37.593903,2119.1,161122.0,148904.0
2025-06-18 11:13:38.595163,2119.1,161251.0,148794.0
2025-06-18 11:13:39.187336,2119.2,161251.0,148794.0
2025-06-18 11:13:39.692396,2119.2,162164.0,148583.0
2025-06-18 11:13:40.792290,2119.2,162161.0,148585.0
2025-06-18 11:13:41.796773,2119.2,162178.0,148597.0
2025-06-18 11:13:42.187150,2119.2,162178.0,148597.0
2025-06-18 11:13:42.797486,2119.2,162264.0,148615.0
2025-06-18 11:13:43.188740,2119.2,162264.0,148615.0
2025-06-18 11:13:43.798558,2119.2,162210.0,148630.0
2025-06-18 11:13:44.190483,2119.2,162210.0,148630.0
2025-06-18 11:13:44.798443,2119.2,162212.0,148633.0
2025-06-18 11:13:45.797757,2119.2,162182.0,148665.0
2025-06-18 11:13:46.797738,2119.2,162184.0,148870.0
2025-06-18 11:13:47.800544,2119.5,161681.0,149072.0
2025-06-18 11:13:48.184855,2119.5,161681.0,149072.0
2025-06-18 11:13:48.799589,2119.2,161688.0,149038.0
2025-06-18 11:13:49.185240,2119.2,161688.0,149038.0
2025-06-18 11:13:49.996462,2119.2,160531.0,148976.0
2025-06-18 11:13:51.003879,2119.2,161864.0,148600.0
2025-06-18 11:13:52.004289,2119.3,162360.0,148738.0
2025-06-18 11:13:52.187075,2119.3,162360.0,148738.0
2025-06-18 11:13:53.003209,2119.3,163638.0,147720.0
2025-06-18 11:13:53.187723,2119.3,163638.0,147720.0
2025-06-18 11:13:54.002114,2119.3,163698.0,147844.0
2025-06-18 11:13:54.187925,2119.3,163698.0,147844.0
2025-06-18 11:13:55.004718,2119.3,164168.0,147877.0
2025-06-18 11:13:56.602249,2119.3,164168.0,147859.0
2025-06-18 11:13:57.505103,2119.3,164154.0,147860.0
2025-06-18 11:13:58.509931,2119.3,164072.0,148249.0
2025-06-18 11:13:59.505830,2119.3,162901.0,148270.0
2025-06-18 11:14:00.604009,2119.3,164014.0,148470.0
2025-06-18 11:14:02.187551,2119.3,164014.0,148470.0
2025-06-18 11:14:02.508235,2119.3,162791.0,148507.0
2025-06-18 11:14:03.513475,2119.3,163615.0,148525.0
2025-06-18 11:14:04.606433,2119.3,163599.0,148497.0
2025-06-18 11:14:06.016139,2119.3,163663.0,148446.0
2025-06-18 11:14:06.189349,2119.3,163663.0,148446.0
2025-06-18 11:14:07.107874,2119.3,164096.0,148531.0
2025-06-18 11:14:07.186437,2119.3,164096.0,148531.0
2025-06-18 11:14:08.012956,2119.3,164093.0,148612.0
2025-06-18 11:14:09.109608,2119.4,164091.0,148639.0
2025-06-18 11:14:09.189764,2119.4,164091.0,148639.0
2025-06-18 11:14:10.189349,2119.3,164091.0,148639.0
2025-06-18 11:14:10.228249,2119.3,164095.0,148635.0
2025-06-18 11:14:11.185787,2119.3,164095.0,148635.0
2025-06-18 11:14:11.311082,2119.3,164094.0,148692.0
2025-06-18 11:14:12.411747,2119.3,164094.0,148692.0
2025-06-18 11:14:13.411917,2119.3,163581.0,148679.0
2025-06-18 11:14:14.190592,2119.4,163581.0,148679.0
2025-06-18 11:14:15.111238,2119.4,164593.0,148694.0
2025-06-18 11:14:15.189892,2119.4,164593.0,148694.0
2025-06-18 11:14:16.112495,2119.4,164599.0,148654.0
2025-06-18 11:14:16.194137,2119.4,164599.0,148654.0
2025-06-18 11:14:17.112326,2119.4,164522.0,148868.0
2025-06-18 11:14:18.115407,2119.5,164508.0,148894.0
2025-06-18 11:14:18.192803,2119.5,164508.0,148894.0
2025-06-18 11:14:19.118119,2119.3,164531.0,148896.0
2025-06-18 11:14:19.191241,2119.3,164531.0,148896.0
2025-06-18 11:14:20.316307,2119.3,164485.0,148997.0
2025-06-18 11:14:21.416982,2119.3,164480.0,148916.0
2025-06-18 11:14:22.418887,2119.3,163349.0,147287.0
2025-06-18 11:14:23.422859,2119.3,165136.0,147340.0
2025-06-18 11:14:24.193986,2119.4,165136.0,147340.0
2025-06-18 11:14:24.618930,2119.4,165092.0,147750.0
2025-06-18 11:14:25.722151,2119.4,165570.0,147752.0
2025-06-18 11:14:26.722456,2119.5,165546.0,147590.0
2025-06-18 11:14:27.189390,2119.5,165546.0,147590.0
2025-06-18 11:14:27.822751,2119.4,165384.0,147719.0
2025-06-18 11:14:28.190121,2119.4,165384.0,147719.0
2025-06-18 11:14:28.824074,2119.4,165382.0,147741.0
2025-06-18 11:14:29.928396,2119.4,165288.0,147732.0
2025-06-18 11:14:31.035281,2119.4,165356.0,147732.0
2025-06-18 11:14:32.050656,2119.4,165370.0,147687.0
2025-06-18 11:14:33.127331,2119.4,165499.0,147188.0
2025-06-18 11:14:33.187943,2119.4,165499.0,147188.0
2025-06-18 11:14:34.173064,2119.5,165299.0,146571.0
2025-06-18 11:14:34.198571,2119.5,165299.0,146571.0
2025-06-18 11:14:35.189986,2119.5,165299.0,146571.0
2025-06-18 11:14:35.227589,2119.5,166470.0,146564.0
2025-06-18 11:14:36.191860,2119.4,166470.0,146564.0
2025-06-18 11:14:36.329386,2119.4,166340.0,146774.0
2025-06-18 11:14:37.212855,2119.4,166340.0,146774.0
2025-06-18 11:14:37.429865,2119.4,166376.0,146790.0
2025-06-18 11:14:38.189870,2119.4,166376.0,146790.0
2025-06-18 11:14:38.430686,2119.4,166382.0,146820.0
2025-06-18 11:14:39.188225,2119.4,166382.0,146820.0
2025-06-18 11:14:39.542372,2119.4,166366.0,146772.0
2025-06-18 11:14:40.632518,2119.4,166244.0,146791.0
2025-06-18 11:14:41.731539,2119.4,166330.0,146802.0
2025-06-18 11:14:42.188411,2119.4,166330.0,146802.0
2025-06-18 11:14:42.833311,2119.4,166257.0,147212.0
2025-06-18 11:14:43.201277,2119.4,166257.0,147212.0
2025-06-18 11:14:43.833516,2119.4,164651.0,147381.0
2025-06-18 11:14:44.735150,2119.4,165388.0,147112.0
2025-06-18 11:14:45.834973,2119.4,165279.0,147123.0
2025-06-18 11:14:46.191318,2119.4,165279.0,147123.0
2025-06-18 11:14:46.837204,2119.4,164582.0,147192.0
2025-06-18 11:14:47.192944,2119.4,164582.0,147192.0
2025-06-18 11:14:47.838269,2119.5,163838.0,147260.0
2025-06-18 11:14:48.195599,2119.4,163838.0,147260.0
2025-06-18 11:14:48.838971,2119.4,164811.0,147352.0
2025-06-18 11:14:49.189686,2119.4,164811.0,147352.0
2025-06-18 11:14:49.940319,2119.4,165257.0,147394.0
2025-06-18 11:14:51.054572,2119.7,165227.0,146482.0
2025-06-18 11:14:51.191992,2119.7,165227.0,146482.0
2025-06-18 11:14:52.055451,2119.4,165583.0,146632.0
2025-06-18 11:14:52.213683,2119.4,165583.0,146632.0
2025-06-18 11:14:53.145845,2119.4,166849.0,146275.0
2025-06-18 11:14:53.212564,2119.4,166849.0,146275.0
2025-06-18 11:14:54.047674,2119.5,166814.0,146251.0
2025-06-18 11:14:54.189634,2119.5,166814.0,146251.0
2025-06-18 11:14:55.147277,2119.5,166660.0,146069.0
2025-06-18 11:14:55.188354,2119.5,166660.0,146069.0
2025-06-18 11:14:56.148612,2119.4,166555.0,146112.0
2025-06-18 11:14:56.192632,2119.4,166555.0,146112.0
2025-06-18 11:14:57.150606,2119.4,165223.0,147777.0
2025-06-18 11:14:58.152610,2119.4,165236.0,147458.0
2025-06-18 11:14:59.248563,2119.4,165340.0,148088.0
2025-06-18 11:15:00.346742,2119.4,165284.0,147906.0
2025-06-18 11:15:01.559079,2119.4,165314.0,148137.0
2025-06-18 11:15:04.196857,2119.4,165314.0,148137.0
2025-06-18 11:15:06.957820,2119.4,165314.0,148137.0
2025-06-18 11:15:06.964986,2119.4,164118.0,148270.0
2025-06-18 11:15:10.513313,2119.4,164118.0,148270.0
2025-06-18 11:15:12.061096,2119.4,164790.0,147988.0
2025-06-18 11:15:12.197804,2119.4,164790.0,147988.0
2025-06-18 11:15:14.207948,2119.4,164790.0,147988.0
2025-06-18 11:15:16.205168,2119.4,164790.0,147988.0
2025-06-18 11:15:17.060603,2119.4,164710.0,148139.0
2025-06-18 11:15:18.199598,2119.4,164710.0,148139.0
2025-06-18 11:15:21.964995,2119.5,164509.0,147743.0
2025-06-18 11:15:22.197998,2119.5,164509.0,147743.0
2025-06-18 11:15:24.200149,2119.5,164509.0,147743.0
2025-06-18 11:15:27.073700,2119.4,164883.0,149071.0
2025-06-18 11:15:28.207337,2119.4,164883.0,149071.0
2025-06-18 11:15:30.199083,2119.4,164883.0,149071.0
2025-06-18 11:15:32.199931,2119.4,164883.0,149071.0
2025-06-18 11:15:32.769175,2119.4,164598.0,149598.0
2025-06-18 11:15:34.214790,2119.4,164598.0,149598.0
2025-06-18 11:15:36.197859,2119.4,164598.0,149598.0
2025-06-18 11:15:38.177460,2119.5,164466.0,149163.0
2025-06-18 11:15:38.212300,2119.5,164466.0,149163.0
2025-06-18 11:15:40.198459,2119.4,164466.0,149163.0
2025-06-18 11:15:42.199810,2119.4,164466.0,149163.0
2025-06-18 11:15:43.285119,2119.4,164394.0,149136.0
2025-06-18 11:15:46.216674,2119.4,164394.0,149136.0
2025-06-18 11:15:48.078255,2119.4,164394.0,149136.0
2025-06-18 11:15:48.201864,2119.4,164394.0,149136.0
2025-06-18 11:15:48.581676,2119.4,164746.0,148368.0
2025-06-18 11:15:49.101951,2119.4,164746.0,148368.0
2025-06-18 11:15:50.202851,2119.4,164746.0,148368.0
2025-06-18 11:15:50.945688,2119.4,164746.0,148368.0
2025-06-18 11:15:51.786256,2119.4,164746.0,148368.0
2025-06-18 11:15:52.200871,2119.4,164746.0,148368.0
2025-06-18 11:15:52.571784,2119.4,164746.0,148368.0
2025-06-18 11:15:53.577961,2119.4,164746.0,148368.0
2025-06-18 11:15:54.085379,2119.4,164727.0,148311.0
2025-06-18 11:15:54.137585,2119.4,164727.0,148311.0
2025-06-18 11:15:55.042323,2119.4,164727.0,148311.0
2025-06-18 11:15:56.203115,2119.4,164727.0,148311.0
2025-06-18 11:15:56.303805,2119.4,164727.0,148311.0
2025-06-18 11:15:57.556738,2119.4,164727.0,148311.0
2025-06-18 11:15:58.245010,2119.5,164727.0,148311.0
2025-06-18 11:15:58.425891,2119.5,164727.0,148311.0
2025-06-18 11:15:59.286625,2119.4,164314.0,148646.0
2025-06-18 11:16:00.126427,2119.4,164314.0,148646.0
2025-06-18 11:16:00.197478,2119.4,164314.0,148646.0
2025-06-18 11:16:01.252863,2119.4,164314.0,148646.0
2025-06-18 11:16:01.786026,2119.4,163657.0,148718.0
2025-06-18 11:16:02.199883,2119.4,163657.0,148718.0
2025-06-18 11:16:02.405264,2119.4,163657.0,148718.0
2025-06-18 11:16:02.786353,2119.4,164010.0,148662.0
2025-06-18 11:16:03.196600,2119.4,164010.0,148662.0
2025-06-18 11:16:03.884332,2119.4,164010.0,148662.0
2025-06-18 11:16:04.196453,2119.4,164010.0,148662.0
2025-06-18 11:16:04.789041,2119.4,163979.0,148662.0
2025-06-18 11:16:06.196444,2119.4,163979.0,148662.0
2025-06-18 11:16:07.199125,2119.5,163979.0,148662.0
2025-06-18 11:16:07.592739,2119.5,163959.0,148566.0
2025-06-18 11:16:08.727736,2119.4,163959.0,148566.0
2025-06-18 11:16:08.767094,2119.4,163964.0,148609.0
2025-06-18 11:16:10.442239,2119.6,163964.0,148609.0
2025-06-18 11:16:11.197384,2119.4,163964.0,148609.0
2025-06-18 11:16:11.494610,2119.4,163268.0,149186.0
2025-06-18 11:16:12.200915,2119.4,163268.0,149186.0
2025-06-18 11:16:12.495415,2119.4,163634.0,149724.0
2025-06-18 11:16:13.394257,2119.4,163672.0,149356.0
2025-06-18 11:16:14.196859,2119.4,163672.0,149356.0
2025-06-18 11:16:14.393436,2119.4,163644.0,149788.0
2025-06-18 11:16:15.197805,2119.3,163644.0,149788.0
2025-06-18 11:16:16.095113,2119.2,162620.0,154367.0
2025-06-18 11:16:16.208847,2119.2,162620.0,154367.0
2025-06-18 11:16:17.098139,2119.2,163063.0,149564.0
2025-06-18 11:16:17.198711,2119.1,163063.0,149564.0
2025-06-18 11:16:18.098460,2119.0,163497.0,150184.0
2025-06-18 11:16:18.197155,2119.0,163497.0,150184.0
2025-06-18 11:16:19.098832,2119.0,162717.0,149831.0
2025-06-18 11:16:19.203867,2119.0,162717.0,149831.0
2025-06-18 11:16:20.098795,2119.0,162589.0,150042.0
2025-06-18 11:16:20.202431,2119.0,162589.0,150042.0
2025-06-18 11:16:21.229797,2119.0,162589.0,150042.0
2025-06-18 11:16:21.232086,2119.0,162686.0,150129.0
2025-06-18 11:16:22.199799,2119.3,162686.0,150129.0
2025-06-18 11:16:22.304732,2119.3,162799.0,150169.0
2025-06-18 11:16:23.305053,2119.3,162710.0,150140.0
2025-06-18 11:16:24.198486,2119.6,162710.0,150140.0
2025-06-18 11:16:24.209537,2119.6,163556.0,149444.0
2025-06-18 11:16:25.198447,2119.3,163556.0,149444.0
2025-06-18 11:16:25.204234,2119.3,163553.0,149443.0
2025-06-18 11:16:26.199768,2119.3,163553.0,149443.0
2025-06-18 11:16:26.234609,2119.3,161937.0,149510.0
2025-06-18 11:16:27.208076,2119.3,161950.0,149177.0
2025-06-18 11:16:28.205217,2119.6,161950.0,149177.0
2025-06-18 11:16:28.319239,2119.6,161964.0,149147.0
2025-06-18 11:16:29.306709,2119.6,162379.0,149034.0
2025-06-18 11:16:30.229233,2119.3,162379.0,149034.0
2025-06-18 11:16:30.406831,2119.3,163597.0,148933.0
2025-06-18 11:16:31.407064,2119.3,163879.0,148881.0
2025-06-18 11:16:32.203097,2119.4,163879.0,148881.0
2025-06-18 11:16:32.511416,2119.4,163842.0,148898.0
2025-06-18 11:16:33.201904,2119.4,163842.0,148898.0
2025-06-18 11:16:33.508596,2119.4,163796.0,148909.0
2025-06-18 11:16:34.202001,2119.4,163796.0,148909.0
2025-06-18 11:16:34.408356,2119.4,163314.0,149077.0
2025-06-18 11:16:35.205935,2119.4,163314.0,149077.0
2025-06-18 11:16:35.410736,2119.4,163353.0,149385.0
2025-06-18 11:16:36.333185,2119.0,163353.0,149385.0
2025-06-18 11:16:36.410745,2119.0,162415.0,150306.0
2025-06-18 11:16:37.199033,2119.0,162415.0,150306.0
2025-06-18 11:16:37.411386,2119.0,162431.0,150054.0
2025-06-18 11:16:38.235122,2119.0,162431.0,150054.0
2025-06-18 11:16:38.410959,2119.0,162635.0,149913.0
2025-06-18 11:16:40.292160,2119.0,162635.0,149913.0
2025-06-18 11:16:40.326662,2119.0,161304.0,149836.0
2025-06-18 11:16:40.329114,2119.0,161304.0,149836.0
2025-06-18 11:16:40.413058,2119.0,162397.0,149869.0
2025-06-18 11:16:41.210438,2119.0,162397.0,149869.0
2025-06-18 11:16:41.414233,2119.0,162339.0,150050.0
2025-06-18 11:16:42.209133,2119.0,162339.0,150050.0
2025-06-18 11:16:42.414176,2119.0,162311.0,150354.0
2025-06-18 11:16:43.203114,2119.0,162311.0,150354.0
2025-06-18 11:16:43.314775,2119.0,162225.0,150475.0
2025-06-18 11:16:44.201841,2119.0,162225.0,150475.0
2025-06-18 11:16:44.217345,2119.0,162244.0,150426.0
2025-06-18 11:16:45.219335,2119.0,162212.0,150414.0
2025-06-18 11:16:46.202838,2119.5,162212.0,150414.0
2025-06-18 11:16:46.318381,2119.5,161613.0,150322.0
2025-06-18 11:16:47.207089,2119.0,161613.0,150322.0
2025-06-18 11:16:47.317482,2119.0,161994.0,150388.0
2025-06-18 11:16:48.217478,2119.0,161994.0,150388.0
2025-06-18 11:16:48.415547,2119.0,160922.0,151152.0
2025-06-18 11:16:49.205093,2119.5,160922.0,151152.0
2025-06-18 11:16:49.320698,2119.5,161579.0,150772.0
2025-06-18 11:16:50.205537,2119.0,161579.0,150772.0
2025-06-18 11:16:50.418943,2119.0,161292.0,151081.0
2025-06-18 11:16:51.214824,2119.4,161292.0,151081.0
2025-06-18 11:16:51.519076,2119.5,161222.0,150346.0
2025-06-18 11:16:52.213016,2119.0,161222.0,150346.0
2025-06-18 11:16:52.422162,2119.0,161349.0,150004.0
2025-06-18 11:16:53.205582,2119.0,161349.0,150004.0
2025-06-18 11:16:53.423318,2119.0,161306.0,150608.0
2025-06-18 11:16:54.202225,2118.9,161306.0,150608.0
2025-06-18 11:16:54.423612,2118.9,159109.0,153035.0
2025-06-18 11:16:55.205868,2119.2,159109.0,153035.0
2025-06-18 11:16:55.621633,2119.2,159439.0,151410.0
2025-06-18 11:16:56.205812,2118.6,159439.0,151410.0
2025-06-18 11:16:56.620982,2118.6,160848.0,150351.0
2025-06-18 11:16:57.204265,2118.6,160848.0,150351.0
2025-06-18 11:16:57.722511,2119.5,160342.0,149912.0
2025-06-18 11:16:58.206408,2119.5,160342.0,149912.0
2025-06-18 11:16:58.725725,2119.5,161059.0,149760.0
2025-06-18 11:17:00.408566,2118.8,161059.0,149760.0
2025-06-18 11:17:00.446374,2118.7,160844.0,150802.0
2025-06-18 11:17:00.449915,2118.7,160844.0,150802.0
2025-06-18 11:17:00.850581,2118.6,160889.0,150158.0
2025-06-18 11:17:02.126457,2118.5,161100.0,148893.0
2025-06-18 11:17:02.205557,2118.7,161100.0,148893.0
2025-06-18 11:17:03.200644,2118.7,161100.0,148893.0
2025-06-18 11:17:03.226876,2118.7,160713.0,149717.0
2025-06-18 11:17:04.205004,2118.7,160713.0,149717.0
2025-06-18 11:17:04.228120,2118.7,160768.0,149696.0
2025-06-18 11:17:05.126568,2118.7,160770.0,150097.0
2025-06-18 11:17:05.203620,2118.7,160770.0,150097.0
2025-06-18 11:17:06.129578,2118.7,161491.0,150420.0
2025-06-18 11:17:06.207116,2118.7,161491.0,150420.0
2025-06-18 11:17:07.126843,2119.1,161492.0,150578.0
2025-06-18 11:17:07.204624,2119.1,161492.0,150578.0
2025-06-18 11:17:08.244248,2119.1,161127.0,150999.0
2025-06-18 11:17:09.203644,2119.6,161127.0,150999.0
2025-06-18 11:17:09.228705,2119.6,161027.0,150946.0
2025-06-18 11:17:10.128400,2118.7,161025.0,150391.0
2025-06-18 11:17:10.206478,2118.7,161025.0,150391.0
2025-06-18 11:17:11.132953,2119.1,161089.0,150347.0
2025-06-18 11:17:11.205845,2118.8,161089.0,150347.0
2025-06-18 11:17:12.203998,2118.6,161089.0,150347.0
2025-06-18 11:17:12.231667,2118.6,160955.0,150247.0
2025-06-18 11:17:13.203522,2119.5,160955.0,150247.0
2025-06-18 11:17:13.233271,2119.5,159856.0,150650.0
2025-06-18 11:17:14.201712,2118.8,159856.0,150650.0
2025-06-18 11:17:14.331602,2118.8,160899.0,151033.0
2025-06-18 11:17:15.206731,2118.9,160899.0,151033.0
2025-06-18 11:17:15.331980,2118.9,161236.0,151048.0
2025-06-18 11:17:16.432913,2118.9,161106.0,151271.0
2025-06-18 11:17:17.531594,2118.9,161230.0,151169.0
2025-06-18 11:17:18.635120,2118.9,161242.0,151156.0
2025-06-18 11:17:19.204581,2118.9,161242.0,151156.0
2025-06-18 11:17:19.735218,2119.0,161203.0,151164.0
2025-06-18 11:17:20.207788,2119.0,161203.0,151164.0
2025-06-18 11:17:20.738859,2119.0,161202.0,150760.0
2025-06-18 11:17:21.736664,2119.0,161168.0,150693.0
2025-06-18 11:17:22.836592,2119.0,161161.0,150731.0
2025-06-18 11:17:23.841301,2119.6,161272.0,150274.0
2025-06-18 11:17:24.203640,2119.2,161272.0,150274.0
2025-06-18 11:17:24.840172,2118.9,161681.0,150568.0
2025-06-18 11:17:25.207296,2118.9,161681.0,150568.0
2025-06-18 11:17:25.840366,2118.9,161696.0,149921.0
2025-06-18 11:17:26.205914,2118.9,161696.0,149921.0
2025-06-18 11:17:26.840915,2118.9,161483.0,149968.0
2025-06-18 11:17:27.204626,2118.9,161483.0,149968.0
2025-06-18 11:17:27.741440,2118.8,161608.0,150011.0
2025-06-18 11:17:28.207022,2118.8,161608.0,150011.0
2025-06-18 11:17:28.742158,2119.0,162093.0,148474.0
2025-06-18 11:17:29.207086,2119.1,162093.0,148474.0
2025-06-18 11:17:29.743269,2119.1,161727.0,149556.0
2025-06-18 11:17:30.206264,2119.1,161727.0,149556.0
2025-06-18 11:17:30.743615,2119.1,162042.0,149177.0
2025-06-18 11:17:31.206598,2119.2,162042.0,149177.0
2025-06-18 11:17:31.742987,2119.2,162130.0,149264.0
2025-06-18 11:17:32.206162,2119.5,162130.0,149264.0
2025-06-18 11:17:32.844213,2119.5,162084.0,149269.0
2025-06-18 11:17:33.207640,2119.5,162084.0,149269.0
2025-06-18 11:17:33.946403,2119.0,161964.0,149379.0
2025-06-18 11:17:34.205496,2119.0,161964.0,149379.0
2025-06-18 11:17:35.050710,2119.0,160861.0,149388.0
2025-06-18 11:17:35.207429,2119.0,160861.0,149388.0
2025-06-18 11:17:36.053148,2119.1,162152.0,149148.0
2025-06-18 11:17:36.207546,2119.1,162152.0,149148.0
2025-06-18 11:17:37.153284,2119.3,162111.0,149297.0
2025-06-18 11:17:37.205592,2119.3,162111.0,149297.0
2025-06-18 11:17:38.154764,2119.0,162117.0,149136.0
2025-06-18 11:17:38.205629,2119.0,162117.0,149136.0
2025-06-18 11:17:39.246902,2119.0,162144.0,149165.0
2025-06-18 11:17:40.206985,2119.6,162144.0,149165.0
2025-06-18 11:17:40.250321,2119.6,162182.0,149111.0
2025-06-18 11:17:41.154926,2119.1,162364.0,149289.0
2025-06-18 11:17:41.213577,2119.1,162364.0,149289.0
2025-06-18 11:17:42.207496,2119.1,162364.0,149289.0
2025-06-18 11:17:42.250569,2119.1,161890.0,149349.0
2025-06-18 11:17:43.350161,2119.1,161762.0,149347.0
2025-06-18 11:17:44.450243,2119.1,161804.0,149347.0
2025-06-18 11:17:45.205444,2119.1,161804.0,149347.0
2025-06-18 11:17:45.552281,2119.1,160944.0,149161.0
2025-06-18 11:17:46.207634,2119.1,160944.0,149161.0
2025-06-18 11:17:46.683156,2119.1,162138.0,149207.0
2025-06-18 11:17:47.208779,2119.1,162138.0,149207.0
2025-06-18 11:17:47.656914,2119.1,162164.0,149237.0
2025-06-18 11:17:48.657355,2119.1,162178.0,149238.0
2025-06-18 11:17:50.158223,2119.1,162148.0,149318.0
2025-06-18 11:17:51.161733,2119.4,161847.0,149414.0
2025-06-18 11:17:51.228815,2119.4,161847.0,149414.0
2025-06-18 11:17:52.258392,2119.4,160735.0,149566.0
2025-06-18 11:17:53.358586,2119.4,161945.0,149566.0
2025-06-18 11:17:54.206099,2119.3,161945.0,149566.0
2025-06-18 11:17:54.359903,2119.3,160762.0,149393.0
2025-06-18 11:17:55.206238,2119.3,160762.0,149393.0
2025-06-18 11:17:55.260218,2119.3,160813.0,149331.0
2025-06-18 11:17:56.206404,2119.1,160813.0,149331.0
2025-06-18 11:17:56.371853,2119.1,162004.0,149341.0
2025-06-18 11:17:57.462449,2119.5,162138.0,149220.0
2025-06-18 11:17:58.206310,2119.5,162138.0,149220.0
2025-06-18 11:17:58.568364,2119.1,162107.0,148794.0
2025-06-18 11:17:59.206893,2119.1,162107.0,148794.0
2025-06-18 11:17:59.566873,2119.2,162302.0,148705.0
2025-06-18 11:18:00.236605,2119.2,162302.0,148705.0
2025-06-18 11:18:00.663712,2119.2,163543.0,147933.0
2025-06-18 11:18:01.568513,2119.3,162671.0,148254.0
2025-06-18 11:18:02.243401,2119.3,162671.0,148254.0
2025-06-18 11:18:02.569440,2119.3,162670.0,147935.0
2025-06-18 11:18:03.571956,2119.3,162854.0,148359.0
2025-06-18 11:18:04.207461,2119.2,162854.0,148359.0
2025-06-18 11:18:04.465215,2119.2,162750.0,148004.0
2025-06-18 11:18:05.216170,2119.2,162750.0,148004.0
2025-06-18 11:18:05.366765,2119.2,162778.0,148448.0
2025-06-18 11:18:06.206073,2119.2,162778.0,148448.0
2025-06-18 11:18:06.467510,2119.2,162534.0,148765.0
2025-06-18 11:18:07.574833,2119.2,162763.0,148765.0
2025-06-18 11:18:08.768646,2119.2,162763.0,148750.0
2025-06-18 11:18:09.206910,2119.2,162763.0,148750.0
2025-06-18 11:18:10.484344,2119.2,162583.0,148941.0
2025-06-18 11:18:11.106078,2119.1,155178.0,149579.0
2025-06-18 11:18:11.215123,2119.1,155178.0,149579.0
2025-06-18 11:18:12.076126,2119.1,161024.0,150181.0
2025-06-18 11:18:12.211314,2119.1,161024.0,150181.0
2025-06-18 11:18:13.176005,2119.2,160971.0,150312.0
2025-06-18 11:18:13.238941,2119.2,160971.0,150312.0
2025-06-18 11:18:14.174420,2119.5,161021.0,150773.0
2025-06-18 11:18:14.206510,2119.5,161021.0,150773.0
2025-06-18 11:18:15.208181,2119.5,161021.0,150773.0
2025-06-18 11:18:15.272123,2119.5,161350.0,151004.0
2025-06-18 11:18:16.206718,2119.0,161350.0,151004.0
2025-06-18 11:18:16.372773,2119.0,159777.0,151070.0
2025-06-18 11:18:17.206610,2119.0,159777.0,151070.0
2025-06-18 11:18:17.374599,2118.9,161142.0,151022.0
2025-06-18 11:18:18.205832,2118.9,161142.0,151022.0
2025-06-18 11:18:18.376711,2118.9,160348.0,151738.0
2025-06-18 11:18:19.206950,2118.9,160348.0,151738.0
2025-06-18 11:18:19.375773,2118.9,160830.0,150174.0
2025-06-18 11:18:20.210998,2119.5,160830.0,150174.0
2025-06-18 11:18:20.375660,2119.5,161059.0,149745.0
2025-06-18 11:18:21.262706,2119.4,161059.0,149745.0
2025-06-18 11:18:21.376535,2119.4,161281.0,150622.0
2025-06-18 11:18:22.205776,2119.2,161281.0,150622.0
2025-06-18 11:18:22.378116,2119.2,161246.0,150223.0
2025-06-18 11:18:23.205653,2119.2,161246.0,150223.0
2025-06-18 11:18:23.379575,2119.2,161285.0,150235.0
2025-06-18 11:18:24.381457,2119.2,161285.0,150290.0
2025-06-18 11:18:25.379683,2119.2,161291.0,150291.0
2025-06-18 11:18:26.380717,2119.2,161333.0,150290.0
2025-06-18 11:18:27.381522,2119.2,161430.0,150199.0
2025-06-18 11:18:28.258802,2119.2,161430.0,150199.0
2025-06-18 11:18:28.383165,2119.2,161710.0,148966.0
2025-06-18 11:18:29.224995,2119.2,161710.0,148966.0
2025-06-18 11:18:29.484793,2119.2,161637.0,149366.0
2025-06-18 11:18:30.595723,2119.2,161864.0,149735.0
2025-06-18 11:18:31.207880,2119.2,161864.0,149735.0
2025-06-18 11:18:31.595507,2119.2,161914.0,149727.0
2025-06-18 11:18:32.595365,2119.2,161511.0,149727.0
2025-06-18 11:18:33.685921,2119.4,162021.0,149727.0
2025-06-18 11:18:34.922638,2119.4,162021.0,149727.0
2025-06-18 11:18:34.963622,2119.4,162017.0,149926.0
2025-06-18 11:18:35.887678,2119.3,161843.0,149261.0
2025-06-18 11:18:36.207680,2119.5,161843.0,149261.0
2025-06-18 11:18:36.890900,2119.5,161945.0,149442.0
2025-06-18 11:18:37.213573,2119.5,161945.0,149442.0
2025-06-18 11:18:37.988415,2119.5,161850.0,149556.0
2025-06-18 11:18:38.217754,2119.5,161850.0,149556.0
2025-06-18 11:18:38.993184,2119.5,161859.0,149608.0
2025-06-18 11:18:39.997688,2119.2,161148.0,150323.0
2025-06-18 11:18:40.208844,2119.2,161148.0,150323.0
2025-06-18 11:18:41.099472,2119.2,161251.0,149371.0
2025-06-18 11:18:41.207056,2119.2,161251.0,149371.0
2025-06-18 11:18:42.189064,2119.2,161454.0,149339.0
2025-06-18 11:18:42.207665,2119.2,161454.0,149339.0
2025-06-18 11:18:43.211561,2119.5,161454.0,149339.0
2025-06-18 11:18:43.691493,2119.5,161499.0,149337.0
2025-06-18 11:18:44.215161,2119.2,161499.0,149337.0
2025-06-18 11:18:44.688516,2119.2,161495.0,149368.0
2025-06-18 11:18:45.206715,2119.5,161495.0,149368.0
2025-06-18 11:18:45.787770,2119.5,161413.0,149275.0
2025-06-18 11:18:46.206754,2119.2,161413.0,149275.0
2025-06-18 11:18:46.790357,2119.2,161339.0,149301.0
2025-06-18 11:18:47.227803,2119.2,161339.0,149301.0
2025-06-18 11:18:47.888342,2119.2,161330.0,149308.0
2025-06-18 11:18:48.480622,2119.2,161330.0,149308.0
2025-06-18 11:18:48.990404,2119.2,161369.0,149349.0
2025-06-18 11:18:49.210872,2119.2,161369.0,149349.0
2025-06-18 11:18:49.596102,2119.2,161369.0,149349.0
2025-06-18 11:18:50.100718,2119.2,161284.0,149366.0
2025-06-18 11:18:50.208698,2119.2,161284.0,149366.0
2025-06-18 11:18:50.472199,2119.2,161284.0,149366.0
2025-06-18 11:18:51.102620,2119.4,161272.0,150140.0
2025-06-18 11:18:51.207677,2119.4,161272.0,150140.0
2025-06-18 11:18:51.409727,2119.4,161272.0,150140.0
2025-06-18 11:18:52.192256,2119.4,161314.0,150098.0
2025-06-18 11:18:52.261237,2119.4,161314.0,150098.0
2025-06-18 11:18:53.046242,2119.4,161314.0,150098.0
2025-06-18 11:18:53.195929,2119.4,161314.0,150024.0
2025-06-18 11:18:54.061652,2119.4,161314.0,150024.0
2025-06-18 11:18:54.206823,2119.5,161314.0,150024.0
2025-06-18 11:18:54.292280,2119.5,161451.0,149805.0
2025-06-18 11:18:54.624114,2119.5,161451.0,149805.0
2025-06-18 11:18:55.041749,2119.5,161451.0,149805.0
2025-06-18 11:18:55.192948,2119.5,161434.0,149992.0
2025-06-18 11:18:55.206077,2119.5,161434.0,149992.0
2025-06-18 11:18:55.521257,2119.5,161434.0,149992.0
2025-06-18 11:18:56.195912,2119.5,161391.0,149992.0
2025-06-18 11:18:56.215922,2119.5,161391.0,149992.0
2025-06-18 11:18:56.792037,2119.5,161391.0,149992.0
2025-06-18 11:18:57.105928,2119.6,161404.0,149991.0
2025-06-18 11:18:57.209966,2119.6,161404.0,149991.0
2025-06-18 11:18:58.066568,2119.6,161404.0,149991.0
2025-06-18 11:18:58.106629,2119.5,161381.0,149991.0
2025-06-18 11:18:58.208956,2119.5,161381.0,149991.0
2025-06-18 11:18:58.902205,2119.5,161381.0,149991.0
2025-06-18 11:18:59.194616,2119.5,161390.0,149991.0
2025-06-18 11:19:00.206318,2119.5,161414.0,149388.0
2025-06-18 11:19:00.319368,2119.5,161414.0,149388.0
2025-06-18 11:19:01.571790,2119.5,161414.0,149388.0
2025-06-18 11:19:01.996239,2119.5,163592.0,148783.0
2025-06-18 11:19:02.716206,2119.5,163592.0,148783.0
2025-06-18 11:19:03.104486,2119.5,162449.0,148783.0
2025-06-18 11:19:04.103767,2119.5,163591.0,148783.0
2025-06-18 11:19:04.188671,2119.5,163591.0,148783.0
2025-06-18 11:19:04.997114,2119.5,163518.0,148788.0
2025-06-18 11:19:05.998270,2119.5,162477.0,148552.0
2025-06-18 11:19:06.211747,2119.5,162477.0,148552.0
2025-06-18 11:19:06.998525,2119.4,163688.0,148422.0
2025-06-18 11:19:07.216291,2119.4,163688.0,148422.0
2025-06-18 11:19:07.998028,2119.4,163189.0,148794.0
2025-06-18 11:19:08.216171,2119.4,163189.0,148794.0
2025-06-18 11:19:09.098437,2119.4,163055.0,148794.0
2025-06-18 11:19:09.212134,2119.4,163055.0,148794.0
2025-06-18 11:19:10.198216,2119.4,163338.0,148792.0
2025-06-18 11:19:11.108077,2119.4,163435.0,148910.0
2025-06-18 11:19:12.210472,2119.4,163435.0,148910.0
2025-06-18 11:19:12.608091,2119.4,163463.0,149258.0
2025-06-18 11:19:13.219858,2119.4,163463.0,149258.0
2025-06-18 11:19:13.703630,2119.4,164788.0,147766.0
2025-06-18 11:19:14.211913,2119.4,164788.0,147766.0
2025-06-18 11:19:14.804037,2119.4,164435.0,148194.0
2025-06-18 11:19:15.211473,2119.5,164435.0,148194.0
2025-06-18 11:19:15.806406,2119.4,164603.0,148193.0
2025-06-18 11:19:16.215531,2119.4,164603.0,148193.0
2025-06-18 11:19:16.808471,2119.4,164632.0,148112.0
2025-06-18 11:19:17.214918,2119.4,164632.0,148112.0
2025-06-18 11:19:17.808986,2119.4,164674.0,148111.0
2025-06-18 11:19:18.213878,2119.4,164674.0,148111.0
2025-06-18 11:19:18.809600,2119.4,164516.0,148577.0
2025-06-18 11:19:19.811282,2119.4,164341.0,148571.0
2025-06-18 11:19:20.214535,2119.4,164341.0,148571.0
2025-06-18 11:19:20.810220,2119.4,164351.0,148555.0
2025-06-18 11:19:21.810628,2119.4,164126.0,148760.0
2025-06-18 11:19:22.812238,2119.4,164092.0,148760.0
2025-06-18 11:19:23.909574,2119.4,164088.0,148800.0
2025-06-18 11:19:24.216813,2119.4,164088.0,148800.0
2025-06-18 11:19:25.009882,2119.4,164075.0,148800.0
2025-06-18 11:19:25.214147,2119.4,164075.0,148800.0
2025-06-18 11:19:26.015902,2119.4,164117.0,148730.0
2025-06-18 11:19:26.217755,2119.4,164117.0,148730.0
2025-06-18 11:19:27.114000,2119.4,164131.0,148669.0
2025-06-18 11:19:28.221478,2119.4,164189.0,148642.0
2025-06-18 11:19:29.314367,2119.4,164201.0,148643.0
2025-06-18 11:19:30.415373,2119.4,164190.0,148670.0
2025-06-18 11:19:31.316253,2119.4,164209.0,148676.0
2025-06-18 11:19:32.318060,2119.4,164177.0,148679.0
2025-06-18 11:19:33.316519,2119.4,164189.0,148635.0
2025-06-18 11:19:34.249194,2119.4,164189.0,148635.0
2025-06-18 11:19:34.324271,2119.4,164190.0,148639.0
2025-06-18 11:19:35.216824,2119.5,164190.0,148639.0
2025-06-18 11:19:35.417724,2119.5,164070.0,148632.0
2025-06-18 11:19:36.216839,2119.4,164070.0,148632.0
2025-06-18 11:19:36.414963,2119.4,164068.0,148660.0
2025-06-18 11:19:37.217901,2119.4,164068.0,148660.0
2025-06-18 11:19:37.514607,2119.4,164210.0,148662.0
2025-06-18 11:19:38.618011,2119.4,164205.0,148635.0
2025-06-18 11:19:39.224471,2119.4,164205.0,148635.0
2025-06-18 11:19:39.619325,2119.4,164203.0,148660.0
2025-06-18 11:19:41.019867,2119.4,163747.0,148405.0
2025-06-18 11:19:41.214887,2119.4,163747.0,148405.0
2025-06-18 11:19:42.120114,2119.4,163800.0,148432.0
2025-06-18 11:19:42.258661,2119.4,163800.0,148432.0
2025-06-18 11:19:43.234890,2119.4,163800.0,148432.0
2025-06-18 11:19:43.261517,2119.4,163830.0,148490.0
2025-06-18 11:19:44.238714,2119.2,163830.0,148490.0
2025-06-18 11:19:44.241125,2119.2,163685.0,147861.0
2025-06-18 11:19:45.225293,2119.2,163714.0,147874.0
2025-06-18 11:19:46.216209,2119.3,163714.0,147874.0
2025-06-18 11:19:46.225617,2119.3,164869.0,147524.0
2025-06-18 11:19:47.216483,2119.3,164869.0,147524.0
2025-06-18 11:19:47.257313,2119.3,164915.0,147596.0
2025-06-18 11:19:48.222051,2119.3,164915.0,147596.0
2025-06-18 11:19:48.230890,2119.3,165191.0,146991.0
2025-06-18 11:19:49.286136,2119.3,164879.0,147109.0
2025-06-18 11:19:50.225142,2119.6,164879.0,147109.0
2025-06-18 11:19:50.235774,2119.6,165416.0,147103.0
2025-06-18 11:19:51.264846,2119.6,165910.0,147508.0
2025-06-18 11:19:52.217272,2119.4,165910.0,147508.0
2025-06-18 11:19:52.232876,2119.4,165750.0,146724.0
2025-06-18 11:19:53.240385,2119.4,165695.0,146696.0
2025-06-18 11:19:54.235574,2119.4,165706.0,147097.0
2025-06-18 11:19:55.218428,2119.5,165706.0,147097.0
2025-06-18 11:19:55.247476,2119.5,165394.0,147495.0
2025-06-18 11:19:56.132485,2119.4,165336.0,147552.0
2025-06-18 11:19:56.210296,2119.4,165336.0,147552.0
2025-06-18 11:19:57.216037,2119.4,165336.0,147552.0
2025-06-18 11:19:57.243339,2119.4,164595.0,148497.0
2025-06-18 11:19:58.217968,2119.4,164595.0,148497.0
2025-06-18 11:19:58.243079,2119.4,164504.0,148280.0
2025-06-18 11:20:00.483065,2119.4,164504.0,148280.0
2025-06-18 11:20:00.487489,2119.4,164604.0,148277.0
2025-06-18 11:20:00.521302,2119.4,164581.0,148234.0
2025-06-18 11:20:01.226504,2119.4,164581.0,148234.0
2025-06-18 11:20:03.246589,2119.4,164597.0,148317.0
2025-06-18 11:20:05.225400,2119.4,164597.0,148317.0
2025-06-18 11:20:06.216433,2119.4,164597.0,148317.0
2025-06-18 11:20:07.218129,2119.4,164597.0,148317.0
2025-06-18 11:20:08.147339,2119.4,163667.0,149233.0
2025-06-18 11:20:09.218263,2119.3,163667.0,149233.0
2025-06-18 11:20:10.217714,2119.3,163667.0,149233.0
2025-06-18 11:20:11.216972,2119.2,163667.0,149233.0
2025-06-18 11:20:12.217372,2119.2,163667.0,149233.0
2025-06-18 11:20:12.746494,2119.2,162741.0,149026.0
2025-06-18 11:20:13.221332,2119.2,162741.0,149026.0
2025-06-18 11:20:14.213710,2119.2,162741.0,149026.0
2025-06-18 11:20:15.212720,2119.2,162741.0,149026.0
2025-06-18 11:20:16.217691,2119.2,162741.0,149026.0
2025-06-18 11:20:17.349897,2119.2,163707.0,148796.0
2025-06-18 11:20:18.223472,2119.2,163707.0,148796.0
2025-06-18 11:20:19.244745,2119.2,163707.0,148796.0
2025-06-18 11:20:22.256683,2119.2,162309.0,149581.0
2025-06-18 11:20:23.250562,2119.3,162309.0,149581.0
2025-06-18 11:20:24.216067,2119.3,162309.0,149581.0
2025-06-18 11:20:25.216656,2119.2,162309.0,149581.0
2025-06-18 11:20:27.558303,2119.2,164332.0,148547.0
2025-06-18 11:20:28.216576,2119.2,164332.0,148547.0
2025-06-18 11:20:32.461874,2119.2,163604.0,149292.0
2025-06-18 11:20:34.222099,2119.2,163604.0,149292.0
2025-06-18 11:20:35.217962,2119.3,163604.0,149292.0
2025-06-18 11:20:36.221630,2119.2,163604.0,149292.0
2025-06-18 11:20:37.218765,2119.2,163604.0,149292.0
2025-06-18 11:20:37.365701,2119.2,163982.0,148910.0
2025-06-18 11:20:39.216077,2119.3,163982.0,148910.0
2025-06-18 11:20:40.226229,2119.3,163982.0,148910.0
2025-06-18 11:20:41.218257,2119.2,163982.0,148910.0
2025-06-18 11:20:42.169110,2119.2,163699.0,149365.0
2025-06-18 11:20:44.227596,2119.2,163699.0,149365.0
2025-06-18 11:20:45.220175,2119.2,163699.0,149365.0
2025-06-18 11:20:46.219924,2119.2,163699.0,149365.0
2025-06-18 11:20:47.072168,2119.3,163953.0,148828.0
2025-06-18 11:20:47.295051,2119.3,163953.0,148828.0
2025-06-18 11:20:48.217724,2119.4,163953.0,148828.0
2025-06-18 11:20:49.218909,2119.4,163953.0,148828.0
2025-06-18 11:20:50.224758,2119.4,163953.0,148828.0
2025-06-18 11:20:51.228652,2119.4,163953.0,148828.0
2025-06-18 11:20:52.074110,2119.6,165084.0,147984.0
2025-06-18 11:20:52.215097,2119.6,165084.0,147984.0
2025-06-18 11:20:53.222637,2119.3,165084.0,147984.0
2025-06-18 11:20:54.223998,2119.3,165084.0,147984.0
2025-06-18 11:20:55.219341,2119.3,165084.0,147984.0
2025-06-18 11:20:56.256134,2119.3,165084.0,147984.0
2025-06-18 11:20:57.225320,2119.3,165084.0,147984.0
2025-06-18 11:20:57.275582,2119.3,164646.0,148371.0
2025-06-18 11:20:58.223608,2119.3,164646.0,148371.0
2025-06-18 11:20:59.220475,2119.5,164646.0,148371.0
2025-06-18 11:21:00.221699,2119.3,164646.0,148371.0
2025-06-18 11:21:01.224119,2119.3,164646.0,148371.0
2025-06-18 11:21:01.975218,2119.3,164646.0,148208.0
2025-06-18 11:21:02.213536,2119.3,164646.0,148208.0
2025-06-18 11:21:02.975143,2119.3,164642.0,148223.0
2025-06-18 11:21:03.875431,2119.3,164620.0,148206.0
2025-06-18 11:21:04.217450,2119.3,164620.0,148206.0
2025-06-18 11:21:04.776889,2119.5,164654.0,148219.0
2025-06-18 11:21:05.216016,2119.5,164654.0,148219.0
2025-06-18 11:21:05.879362,2119.3,164210.0,148288.0
2025-06-18 11:21:06.211016,2119.3,164210.0,148288.0
2025-06-18 11:21:06.881068,2119.4,164310.0,148773.0
2025-06-18 11:21:07.212602,2119.4,164310.0,148773.0
2025-06-18 11:21:07.984397,2119.3,164014.0,148810.0
2025-06-18 11:21:08.214767,2119.3,164014.0,148810.0
2025-06-18 11:21:08.984351,2119.5,164117.0,148792.0
2025-06-18 11:21:09.216300,2119.5,164117.0,148792.0
2025-06-18 11:21:09.984216,2119.3,164062.0,148841.0
2025-06-18 11:21:10.213897,2119.5,164062.0,148841.0
2025-06-18 11:21:10.989591,2119.5,164087.0,148750.0
2025-06-18 11:21:12.087665,2119.5,164037.0,148959.0
2025-06-18 11:21:12.213762,2119.5,164037.0,148959.0
2025-06-18 11:21:13.189604,2119.5,163944.0,148992.0
2025-06-18 11:21:13.248928,2119.5,163944.0,148992.0
2025-06-18 11:21:14.212898,2119.5,163944.0,148992.0
2025-06-18 11:21:14.288458,2119.5,164276.0,148985.0
2025-06-18 11:21:15.232810,2119.6,164276.0,148985.0
2025-06-18 11:21:15.888259,2119.5,163119.0,148993.0
2025-06-18 11:21:16.217957,2119.5,163119.0,148993.0
2025-06-18 11:21:16.890541,2119.5,163024.0,148994.0
2025-06-18 11:21:17.259778,2119.5,163024.0,148994.0
2025-06-18 11:21:17.990853,2119.5,162996.0,148995.0
2025-06-18 11:21:18.218176,2119.5,162996.0,148995.0
2025-06-18 11:21:18.990955,2119.5,164090.0,148997.0
2025-06-18 11:21:19.215068,2119.5,164090.0,148997.0
2025-06-18 11:21:19.988406,2119.5,164192.0,149025.0
2025-06-18 11:21:20.216718,2119.5,164192.0,149025.0
2025-06-18 11:21:20.988892,2119.5,164220.0,148743.0
2025-06-18 11:21:21.989338,2119.5,164210.0,148790.0
2025-06-18 11:21:22.218061,2119.5,164210.0,148790.0
2025-06-18 11:21:23.093623,2119.5,164209.0,148802.0
2025-06-18 11:21:23.991956,2119.6,164207.0,148798.0
2025-06-18 11:21:24.217151,2119.6,164207.0,148798.0
2025-06-18 11:21:24.992258,2119.5,164201.0,148799.0
2025-06-18 11:21:25.220750,2119.5,164201.0,148799.0
2025-06-18 11:21:26.189688,2119.5,162988.0,148799.0
2025-06-18 11:21:27.189913,2119.5,164160.0,148775.0
2025-06-18 11:21:27.226999,2119.5,164160.0,148775.0
2025-06-18 11:21:28.195207,2119.5,163780.0,149003.0
2025-06-18 11:21:28.217109,2119.5,163780.0,149003.0
2025-06-18 11:21:29.097047,2119.5,163794.0,149003.0
2025-06-18 11:21:30.289978,2119.5,163781.0,148989.0
2025-06-18 11:21:31.216796,2119.6,163781.0,148989.0
2025-06-18 11:21:31.292657,2119.6,163772.0,148988.0
2025-06-18 11:21:32.213518,2119.5,163772.0,148988.0
2025-06-18 11:21:32.396154,2119.7,163737.0,148933.0
2025-06-18 11:21:33.217969,2119.5,163737.0,148933.0
2025-06-18 11:21:33.394762,2119.5,164300.0,148732.0
2025-06-18 11:21:34.218566,2119.5,164300.0,148732.0
2025-06-18 11:21:34.295597,2119.5,164779.0,148717.0
2025-06-18 11:21:35.217389,2119.6,164779.0,148717.0
2025-06-18 11:21:36.214814,2119.6,164779.0,148717.0
2025-06-18 11:21:36.397118,2119.5,164776.0,148702.0
2025-06-18 11:21:37.219497,2119.5,164776.0,148702.0
2025-06-18 11:21:37.999669,2119.5,164337.0,148709.0
2025-06-18 11:21:38.225389,2119.5,164337.0,148709.0
2025-06-18 11:21:38.997059,2119.6,164690.0,148709.0
2025-06-18 11:21:39.245112,2119.6,164690.0,148709.0
2025-06-18 11:21:40.110500,2119.5,164326.0,148709.0
2025-06-18 11:21:40.215339,2119.5,164326.0,148709.0
2025-06-18 11:21:41.108111,2119.5,164824.0,148709.0
2025-06-18 11:21:42.003410,2119.5,164837.0,148710.0
2025-06-18 11:21:43.004742,2119.5,164421.0,148711.0
2025-06-18 11:21:43.217360,2119.5,164421.0,148711.0
2025-06-18 11:21:44.111930,2119.5,164417.0,148711.0
2025-06-18 11:21:44.219939,2119.5,164417.0,148711.0
2025-06-18 11:21:45.220120,2119.5,164417.0,148711.0
2025-06-18 11:21:45.629769,2119.5,164435.0,148708.0
2025-06-18 11:21:46.227806,2119.5,164435.0,148708.0
2025-06-18 11:21:46.614368,2119.5,162953.0,148716.0
2025-06-18 11:21:47.611081,2119.5,164153.0,148731.0
2025-06-18 11:21:48.617082,2119.5,164144.0,148742.0
2025-06-18 11:21:49.087300,2119.5,164144.0,148742.0
2025-06-18 11:21:49.222188,2119.5,164144.0,148742.0
2025-06-18 11:21:49.705575,2119.5,164032.0,148741.0
2025-06-18 11:21:50.220825,2119.5,164032.0,148741.0
2025-06-18 11:21:50.227141,2119.5,164032.0,148741.0
2025-06-18 11:21:50.808314,2119.5,164032.0,148741.0
2025-06-18 11:21:51.091364,2119.5,164032.0,148741.0
2025-06-18 11:21:52.537365,2119.5,164017.0,148727.0
2025-06-18 11:21:52.590485,2119.5,164017.0,148727.0
2025-06-18 11:21:52.806187,2119.5,164352.0,148719.0
2025-06-18 11:21:52.856131,2119.5,164352.0,148719.0
2025-06-18 11:21:53.664203,2119.5,164352.0,148719.0
2025-06-18 11:21:53.806815,2119.6,165157.0,148373.0
2025-06-18 11:21:54.218415,2119.6,165157.0,148373.0
2025-06-18 11:21:54.670494,2119.6,165157.0,148373.0
2025-06-18 11:21:54.810552,2119.5,164864.0,148070.0
2025-06-18 11:21:55.222046,2119.5,164864.0,148070.0
2025-06-18 11:21:55.226907,2119.5,164864.0,148070.0
2025-06-18 11:21:55.648848,2119.5,164864.0,148070.0
2025-06-18 11:21:55.808152,2119.5,164856.0,148083.0
2025-06-18 11:21:56.127376,2119.5,164856.0,148083.0
2025-06-18 11:21:56.812664,2119.5,164652.0,148125.0
2025-06-18 11:21:57.370041,2119.5,164652.0,148125.0
2025-06-18 11:21:57.811863,2119.6,164663.0,148125.0
2025-06-18 11:21:58.219773,2119.6,164663.0,148125.0
2025-06-18 11:21:58.705586,2119.6,164663.0,148125.0
2025-06-18 11:21:58.811601,2119.6,164645.0,148134.0
2025-06-18 11:21:59.254762,2119.7,164645.0,148134.0
2025-06-18 11:21:59.513326,2119.7,164645.0,148134.0
2025-06-18 11:21:59.815206,2119.6,164838.0,148268.0
2025-06-18 11:22:00.223342,2119.6,164838.0,148268.0
2025-06-18 11:22:00.913762,2119.6,164838.0,148268.0
2025-06-18 11:22:01.219592,2119.6,164838.0,148268.0
2025-06-18 11:22:02.023499,2119.6,164838.0,148268.0
2025-06-18 11:22:02.226553,2119.6,164838.0,148268.0
2025-06-18 11:22:03.229662,2119.6,164838.0,148268.0
2025-06-18 11:22:03.397783,2119.6,164838.0,148268.0
2025-06-18 11:22:05.185935,2119.6,164838.0,148268.0
2025-06-18 11:22:05.229406,2119.6,164838.0,148268.0
2025-06-18 11:22:05.316024,2119.6,164498.0,148759.0
2025-06-18 11:22:06.224744,2119.6,164498.0,148759.0
2025-06-18 11:22:07.222976,2119.6,164498.0,148759.0
2025-06-18 11:22:08.221921,2119.6,164498.0,148759.0
2025-06-18 11:22:09.222339,2119.7,164498.0,148759.0
2025-06-18 11:22:10.221905,2119.7,164498.0,148759.0
2025-06-18 11:22:10.317555,2119.6,164162.0,149277.0
2025-06-18 11:22:11.304984,2119.6,164162.0,149277.0
2025-06-18 11:22:12.221782,2119.6,164162.0,149277.0
2025-06-18 11:22:13.228470,2119.6,164162.0,149277.0
2025-06-18 11:22:14.221973,2119.6,164162.0,149277.0
2025-06-18 11:22:15.226212,2119.7,164162.0,149277.0
2025-06-18 11:22:15.423114,2119.7,164086.0,149673.0
2025-06-18 11:22:16.232578,2119.6,164086.0,149673.0
2025-06-18 11:22:17.252902,2119.5,164086.0,149673.0
2025-06-18 11:22:18.225335,2119.6,164086.0,149673.0
2025-06-18 11:22:19.359999,2119.6,164086.0,149673.0
2025-06-18 11:22:20.227704,2119.6,164086.0,149673.0
2025-06-18 11:22:20.428981,2119.6,160677.0,149366.0
2025-06-18 11:22:24.228512,2119.7,160677.0,149366.0
2025-06-18 11:22:25.230280,2119.6,160677.0,149366.0
2025-06-18 11:22:25.329675,2119.6,163824.0,149356.0
2025-06-18 11:22:27.269424,2119.6,163824.0,149356.0
2025-06-18 11:22:28.247839,2119.6,163824.0,149356.0
2025-06-18 11:22:30.238133,2119.6,163917.0,149332.0
2025-06-18 11:22:31.227782,2119.6,163917.0,149332.0
2025-06-18 11:22:34.248554,2119.6,163917.0,149332.0
2025-06-18 11:22:35.144974,2119.7,163839.0,149109.0
2025-06-18 11:22:35.226831,2119.7,163839.0,149109.0
2025-06-18 11:22:36.227773,2119.6,163839.0,149109.0
2025-06-18 11:22:37.222742,2119.6,163839.0,149109.0
2025-06-18 11:22:39.229410,2119.7,163839.0,149109.0
2025-06-18 11:22:40.146905,2119.6,163866.0,149114.0
2025-06-18 11:22:40.352635,2119.6,163866.0,149114.0
2025-06-18 11:22:41.227878,2119.6,163866.0,149114.0
2025-06-18 11:22:42.227122,2119.6,163866.0,149114.0
2025-06-18 11:22:43.222660,2119.6,163866.0,149114.0
2025-06-18 11:22:45.131011,2119.6,163866.0,149114.0
2025-06-18 11:22:45.246495,2119.6,163866.0,149114.0
2025-06-18 11:22:45.342852,2119.6,163813.0,149622.0
2025-06-18 11:22:46.231758,2119.6,163813.0,149622.0
2025-06-18 11:22:47.224502,2119.6,163813.0,149622.0
2025-06-18 11:22:48.232251,2119.6,163813.0,149622.0
2025-06-18 11:22:49.225524,2119.6,163813.0,149622.0
2025-06-18 11:22:50.745571,2119.6,163835.0,149406.0
2025-06-18 11:22:52.258723,2119.3,163835.0,149406.0
2025-06-18 11:22:53.229794,2119.3,163835.0,149406.0
2025-06-18 11:22:54.231772,2119.6,163835.0,149406.0
2025-06-18 11:22:55.227218,2119.6,163835.0,149406.0
2025-06-18 11:22:55.553712,2119.6,163134.0,149472.0
2025-06-18 11:22:57.224062,2119.5,163134.0,149472.0
2025-06-18 11:22:58.232365,2119.3,163134.0,149472.0
2025-06-18 11:22:59.237693,2119.3,163134.0,149472.0
2025-06-18 11:23:00.257521,2119.3,163080.0,148965.0
2025-06-18 11:23:01.223749,2119.3,163080.0,148965.0
2025-06-18 11:23:01.853058,2119.3,162685.0,149162.0
2025-06-18 11:23:02.853837,2119.3,162702.0,149164.0
2025-06-18 11:23:03.753389,2119.3,162703.0,149179.0
2025-06-18 11:23:04.754426,2119.3,162732.0,149179.0
2025-06-18 11:23:05.853975,2119.3,161720.0,149576.0
2025-06-18 11:23:06.224368,2119.3,161720.0,149576.0
2025-06-18 11:23:06.957157,2119.4,160984.0,149882.0
2025-06-18 11:23:07.220104,2119.5,160984.0,149882.0
2025-06-18 11:23:08.054403,2119.5,161014.0,149911.0
2025-06-18 11:23:08.221411,2119.4,161014.0,149911.0
2025-06-18 11:23:09.220920,2119.3,161014.0,149911.0
2025-06-18 11:23:09.453417,2119.3,161172.0,149442.0
2025-06-18 11:23:10.224006,2119.2,161172.0,149442.0
2025-06-18 11:23:10.453141,2119.2,161140.0,149448.0
2025-06-18 11:23:11.222087,2119.2,161140.0,149448.0
2025-06-18 11:23:11.668296,2119.2,161149.0,149475.0
2025-06-18 11:23:12.570106,2119.2,161149.0,149475.0
2025-06-18 11:23:12.756567,2119.2,161188.0,149726.0
2025-06-18 11:23:13.223363,2119.2,161188.0,149726.0
2025-06-18 11:23:13.669565,2119.2,161101.0,149750.0
2025-06-18 11:23:14.226146,2119.2,161101.0,149750.0
2025-06-18 11:23:14.759478,2119.2,159582.0,151415.0
2025-06-18 11:23:15.224587,2119.0,159582.0,151415.0
2025-06-18 11:23:15.858826,2118.9,158662.0,150999.0
2025-06-18 11:23:16.225928,2118.6,158662.0,150999.0
2025-06-18 11:23:16.959764,2118.6,158573.0,152530.0
2025-06-18 11:23:17.231320,2118.7,158573.0,152530.0
2025-06-18 11:23:17.959535,2118.7,158814.0,152002.0
2025-06-18 11:23:18.230489,2118.6,158814.0,152002.0
2025-06-18 11:23:18.961163,2118.7,158617.0,152303.0
2025-06-18 11:23:19.227152,2118.7,158617.0,152303.0
2025-06-18 11:23:20.062444,2118.9,158227.0,152159.0
2025-06-18 11:23:20.224124,2118.9,158227.0,152159.0
2025-06-18 11:23:21.175702,2118.6,159135.0,151466.0
2025-06-18 11:23:21.223879,2118.6,159135.0,151466.0
2025-06-18 11:23:22.224288,2118.4,159135.0,151466.0
2025-06-18 11:23:22.264452,2118.4,159065.0,151757.0
2025-06-18 11:23:23.170914,2118.4,159124.0,151468.0
2025-06-18 11:23:23.229417,2118.4,159124.0,151468.0
2025-06-18 11:23:24.219657,2118.4,159060.0,151873.0
2025-06-18 11:23:24.258959,2118.4,159060.0,151873.0
2025-06-18 11:23:25.226198,2118.4,159060.0,151873.0
2025-06-18 11:23:25.268449,2118.5,157977.0,151597.0
2025-06-18 11:23:26.178879,2119.5,160022.0,151212.0
2025-06-18 11:23:26.222711,2118.5,160022.0,151212.0
2025-06-18 11:23:27.227081,2118.6,160022.0,151212.0
2025-06-18 11:23:27.366088,2118.6,160007.0,152701.0
2025-06-18 11:23:28.234020,2118.3,160007.0,152701.0
2025-06-18 11:23:28.371931,2118.3,159187.0,153299.0
2025-06-18 11:23:29.238833,2118.2,159187.0,153299.0
2025-06-18 11:23:29.373998,2119.0,159070.0,152678.0
2025-06-18 11:23:30.226250,2119.8,159070.0,152678.0
2025-06-18 11:23:30.372978,2119.8,160059.0,150810.0
2025-06-18 11:23:31.246688,2119.9,160059.0,150810.0
2025-06-18 11:23:31.472744,2119.9,160627.0,149861.0
2025-06-18 11:23:32.242687,2118.4,160627.0,149861.0
2025-06-18 11:23:32.573942,2118.3,159524.0,151418.0
2025-06-18 11:23:33.228937,2118.3,159524.0,151418.0
2025-06-18 11:23:33.574302,2118.2,159855.0,151678.0
2025-06-18 11:23:34.226710,2118.2,159855.0,151678.0
2025-06-18 11:23:34.472992,2118.0,158932.0,152422.0
2025-06-18 11:23:35.228272,2118.1,158932.0,152422.0
2025-06-18 11:23:35.473725,2118.1,158211.0,154009.0
2025-06-18 11:23:36.239487,2117.9,158211.0,154009.0
2025-06-18 11:23:36.476519,2117.9,158456.0,154778.0
2025-06-18 11:23:37.231614,2117.9,158456.0,154778.0
2025-06-18 11:23:37.476441,2117.9,159041.0,154469.0
2025-06-18 11:23:38.231332,2118.7,159041.0,154469.0
2025-06-18 11:23:38.478042,2117.8,157692.0,153677.0
2025-06-18 11:23:39.228453,2117.8,157692.0,153677.0
2025-06-18 11:23:39.381857,2117.8,158333.0,153577.0
2025-06-18 11:23:40.229028,2117.9,158333.0,153577.0
2025-06-18 11:23:40.477885,2117.9,158932.0,153404.0
2025-06-18 11:23:41.235079,2118.0,158932.0,153404.0
2025-06-18 11:23:41.581046,2118.0,159243.0,152817.0
2025-06-18 11:23:42.232203,2118.0,159243.0,152817.0
2025-06-18 11:23:42.481165,2118.0,159168.0,153481.0
2025-06-18 11:23:43.234624,2118.0,159168.0,153481.0
2025-06-18 11:23:43.580285,2119.3,160016.0,152561.0
2025-06-18 11:23:44.251786,2118.2,160016.0,152561.0
2025-06-18 11:23:44.479677,2118.2,160592.0,152456.0
