timestamp,ltp,bid_qty,ask_qty
2025-06-18 11:01:36.654297,3054.8,105652.0,175678.0
2025-06-18 11:01:38.131522,3054.9,105652.0,175678.0
2025-06-18 11:01:39.450270,3054.9,106010.0,176118.0
2025-06-18 11:01:40.134960,3054.9,106010.0,176118.0
2025-06-18 11:01:41.138607,3054.9,106010.0,176118.0
2025-06-18 11:01:44.185139,3054.5,106010.0,176118.0
2025-06-18 11:01:44.668827,3054.5,105764.0,176202.0
2025-06-18 11:01:46.149794,3054.9,105764.0,176202.0
2025-06-18 11:01:47.188031,3054.3,105764.0,176202.0
2025-06-18 11:01:49.849430,3054.9,105786.0,176140.0
2025-06-18 11:01:50.136422,3054.9,105786.0,176140.0
2025-06-18 11:01:52.138057,3054.3,105786.0,176140.0
2025-06-18 11:01:54.202908,3054.9,105786.0,176140.0
2025-06-18 11:01:55.151298,3054.9,105786.0,176140.0
2025-06-18 11:01:55.462425,3054.8,105696.0,176303.0
2025-06-18 11:01:58.136434,3054.9,105696.0,176303.0
2025-06-18 11:02:00.853780,3054.9,106039.0,176299.0
2025-06-18 11:02:01.180353,3054.9,106039.0,176299.0
2025-06-18 11:02:05.206111,3054.9,106039.0,176299.0
2025-06-18 11:02:06.060510,3054.8,106237.0,176232.0
2025-06-18 11:02:08.141017,3054.9,106237.0,176232.0
2025-06-18 11:02:10.147560,3054.9,106237.0,176232.0
2025-06-18 11:02:11.265417,3054.9,105672.0,176225.0
2025-06-18 11:02:12.142476,3054.8,105672.0,176225.0
2025-06-18 11:02:14.145547,3054.9,105672.0,176225.0
2025-06-18 11:02:16.187457,3054.9,105672.0,176225.0
2025-06-18 11:02:16.769604,3054.9,106036.0,176131.0
2025-06-18 11:02:20.138617,3054.9,106036.0,176131.0
2025-06-18 11:02:21.869830,3055.0,105907.0,175702.0
2025-06-18 11:02:22.147495,3055.0,105907.0,175702.0
2025-06-18 11:02:24.165590,3055.0,105907.0,175702.0
2025-06-18 11:02:25.145742,3055.0,105907.0,175702.0
2025-06-18 11:02:26.984532,3054.8,105654.0,175819.0
2025-06-18 11:02:28.142714,3054.8,105654.0,175819.0
2025-06-18 11:02:30.153868,3055.0,105654.0,175819.0
2025-06-18 11:02:32.077112,3055.0,106240.0,175841.0
2025-06-18 11:02:33.151753,3054.8,106240.0,175841.0
2025-06-18 11:02:36.148221,3055.4,106240.0,175841.0
2025-06-18 11:02:37.587555,3053.8,99828.0,174960.0
2025-06-18 11:02:38.144178,3054.4,99828.0,174960.0
2025-06-18 11:02:39.199225,3053.3,99828.0,174960.0
2025-06-18 11:02:41.147615,3052.9,99828.0,174960.0
2025-06-18 11:02:42.787300,3053.8,101766.0,176492.0
2025-06-18 11:02:44.151452,3053.8,101766.0,176492.0
2025-06-18 11:02:45.179924,3054.0,101766.0,176492.0
2025-06-18 11:02:47.993097,3054.0,101029.0,176365.0
2025-06-18 11:02:48.145553,3054.0,101029.0,176365.0
2025-06-18 11:02:50.145386,3055.3,101029.0,176365.0
2025-06-18 11:02:52.146146,3055.4,101029.0,176365.0
2025-06-18 11:02:54.148880,3056.3,101029.0,176365.0
2025-06-18 11:02:55.153267,3056.4,101029.0,176365.0
2025-06-18 11:02:58.148985,3055.3,101029.0,176365.0
2025-06-18 11:02:58.595653,3055.3,101279.0,174746.0
2025-06-18 11:03:00.150788,3056.4,101279.0,174746.0
2025-06-18 11:03:01.151475,3056.3,101279.0,174746.0
2025-06-18 11:03:01.597761,3056.3,101019.0,174040.0
2025-06-18 11:03:02.137764,3056.3,101019.0,174040.0
2025-06-18 11:03:02.600051,3056.3,101001.0,176191.0
2025-06-18 11:03:03.141600,3054.7,101001.0,176191.0
2025-06-18 11:03:03.597583,3054.7,100787.0,179417.0
2025-06-18 11:03:04.145214,3055.1,100787.0,179417.0
2025-06-18 11:03:04.502678,3055.1,101222.0,178844.0
2025-06-18 11:03:05.139549,3055.1,101222.0,178844.0
2025-06-18 11:03:05.501016,3055.1,101367.0,179216.0
2025-06-18 11:03:06.139384,3055.1,101367.0,179216.0
2025-06-18 11:03:07.142608,3055.1,101367.0,179216.0
2025-06-18 11:03:07.301979,3055.1,101195.0,179652.0
2025-06-18 11:03:08.303394,3055.1,101195.0,180002.0
2025-06-18 11:03:09.144614,3055.3,101195.0,180002.0
2025-06-18 11:03:09.402323,3055.3,101269.0,178735.0
2025-06-18 11:03:10.140481,3055.3,101269.0,178735.0
2025-06-18 11:03:10.504215,3055.3,101259.0,178972.0
2025-06-18 11:03:11.602416,3055.3,101214.0,179019.0
2025-06-18 11:03:12.710349,3055.3,101227.0,179028.0
2025-06-18 11:03:13.811244,3055.3,101210.0,179030.0
2025-06-18 11:03:14.902208,3055.0,101131.0,179016.0
2025-06-18 11:03:15.140406,3055.0,101131.0,179016.0
2025-06-18 11:03:15.903704,3055.0,101132.0,179344.0
2025-06-18 11:03:17.003626,3055.0,101097.0,179484.0
2025-06-18 11:03:18.101858,3055.1,100929.0,179257.0
2025-06-18 11:03:18.141719,3055.1,100929.0,179257.0
2025-06-18 11:03:19.202944,3055.1,100938.0,179335.0
2025-06-18 11:03:20.149404,3055.1,100938.0,179335.0
2025-06-18 11:03:20.204527,3055.1,101025.0,179291.0
2025-06-18 11:03:21.212635,3055.1,101047.0,179420.0
2025-06-18 11:03:22.165338,3055.1,101047.0,179420.0
2025-06-18 11:03:22.212605,3055.1,101030.0,179630.0
2025-06-18 11:03:23.308027,3055.1,101079.0,179684.0
2025-06-18 11:03:24.147529,3055.1,101079.0,179684.0
2025-06-18 11:03:24.505888,3055.1,101423.0,179698.0
2025-06-18 11:03:25.143832,3055.1,101423.0,179698.0
2025-06-18 11:03:25.606462,3055.1,101358.0,180484.0
2025-06-18 11:03:26.706726,3055.1,101999.0,180418.0
2025-06-18 11:03:27.708315,3055.1,102075.0,180426.0
2025-06-18 11:03:28.612255,3055.1,102091.0,180397.0
2025-06-18 11:03:29.810284,3055.1,102030.0,180783.0
2025-06-18 11:03:30.141940,3055.1,102030.0,180783.0
2025-06-18 11:03:30.912312,3054.0,102146.0,181019.0
2025-06-18 11:03:31.149881,3054.0,102146.0,181019.0
2025-06-18 11:03:31.918344,3054.0,102167.0,180960.0
2025-06-18 11:03:33.030606,3054.0,101292.0,181013.0
2025-06-18 11:03:34.120056,3054.0,102061.0,181040.0
2025-06-18 11:03:35.147521,3054.0,102061.0,181040.0
2025-06-18 11:03:35.218054,3054.0,102075.0,180909.0
2025-06-18 11:03:36.169115,3055.0,102075.0,180909.0
2025-06-18 11:03:36.224333,3055.0,101784.0,180805.0
2025-06-18 11:03:37.146628,3055.0,101784.0,180805.0
2025-06-18 11:03:37.321160,3055.0,101793.0,180790.0
2025-06-18 11:03:38.318654,3055.0,101781.0,180799.0
2025-06-18 11:03:39.143880,3055.0,101781.0,180799.0
2025-06-18 11:03:39.418012,3055.0,101764.0,180968.0
2025-06-18 11:03:40.142901,3054.0,101764.0,180968.0
2025-06-18 11:03:40.530979,3054.0,101684.0,181656.0
2025-06-18 11:03:41.866303,3054.0,101687.0,181771.0
2025-06-18 11:03:42.618913,3054.0,101726.0,181737.0
2025-06-18 11:03:43.622464,3054.0,101739.0,182218.0
2025-06-18 11:03:44.721533,3054.0,101788.0,182201.0
2025-06-18 11:03:45.166375,3054.9,101788.0,182201.0
2025-06-18 11:03:45.822511,3054.9,101795.0,181193.0
2025-06-18 11:03:46.024005,3054.9,101795.0,181193.0
2025-06-18 11:03:46.921605,3054.9,101846.0,181266.0
2025-06-18 11:03:47.074004,3054.9,101846.0,181266.0
2025-06-18 11:03:47.171465,3054.9,101846.0,181266.0
2025-06-18 11:03:47.823873,3054.9,101801.0,181416.0
2025-06-18 11:03:47.977905,3054.9,101801.0,181416.0
2025-06-18 11:03:48.152368,3054.9,101801.0,181416.0
2025-06-18 11:03:48.893945,3054.9,101801.0,181416.0
2025-06-18 11:03:48.926343,3054.9,101758.0,181426.0
2025-06-18 11:03:49.732677,3054.9,101758.0,181426.0
2025-06-18 11:03:50.126604,3054.9,101815.0,181285.0
2025-06-18 11:03:50.153985,3054.9,101815.0,181285.0
2025-06-18 11:03:50.553252,3054.9,101815.0,181285.0
2025-06-18 11:03:51.149900,3054.4,101799.0,181248.0
2025-06-18 11:03:51.165165,3054.4,101799.0,181248.0
2025-06-18 11:03:51.588484,3054.4,101799.0,181248.0
2025-06-18 11:03:52.131158,3054.4,102003.0,181293.0
2025-06-18 11:03:52.199016,3054.4,102003.0,181293.0
2025-06-18 11:03:53.070276,3054.4,102003.0,181293.0
2025-06-18 11:03:53.158325,3054.9,102003.0,181293.0
2025-06-18 11:03:53.224302,3054.9,102103.0,181239.0
2025-06-18 11:03:53.440922,3054.9,102103.0,181239.0
2025-06-18 11:03:54.228169,3054.9,102160.0,181279.0
2025-06-18 11:03:54.451928,3054.9,102160.0,181279.0
2025-06-18 11:03:55.136371,3054.9,100916.0,182323.0
2025-06-18 11:03:55.158548,3054.9,100916.0,182323.0
2025-06-18 11:03:55.721891,3054.9,100916.0,182323.0
2025-06-18 11:03:56.135564,3054.0,100957.0,182643.0
2025-06-18 11:03:56.160880,3054.0,100957.0,182643.0
2025-06-18 11:03:56.585135,3054.0,100957.0,182643.0
2025-06-18 11:04:00.405666,3054.0,100309.0,183049.0
2025-06-18 11:04:00.461541,3054.4,100309.0,183049.0
2025-06-18 11:04:00.467568,3054.4,100309.0,183049.0
2025-06-18 11:04:00.508864,3054.4,100418.0,182139.0
2025-06-18 11:04:00.511542,3054.5,100418.0,182139.0
2025-06-18 11:04:00.513780,3054.5,100708.0,182765.0
2025-06-18 11:04:00.515232,3054.5,100708.0,182765.0
2025-06-18 11:04:00.548173,3054.5,100708.0,182765.0
2025-06-18 11:04:00.551415,3054.5,100708.0,182765.0
2025-06-18 11:04:00.829920,3054.0,100766.0,182693.0
2025-06-18 11:04:01.187218,3054.0,100766.0,182693.0
2025-06-18 11:04:01.829507,3054.0,100608.0,182791.0
2025-06-18 11:04:01.919199,3054.0,100608.0,182791.0
2025-06-18 11:04:02.156977,3054.5,100608.0,182791.0
2025-06-18 11:04:02.729803,3054.5,100450.0,182844.0
2025-06-18 11:04:03.200149,3054.0,100450.0,182844.0
2025-06-18 11:04:03.732224,3054.0,100656.0,182493.0
2025-06-18 11:04:04.732521,3054.0,100467.0,182667.0
2025-06-18 11:04:05.195654,3054.5,100467.0,182667.0
2025-06-18 11:04:05.732228,3054.5,100627.0,182203.0
2025-06-18 11:04:06.154967,3054.0,100627.0,182203.0
2025-06-18 11:04:06.732795,3054.5,100452.0,182526.0
2025-06-18 11:04:07.171092,3054.2,100452.0,182526.0
2025-06-18 11:04:08.135258,3054.2,100750.0,182890.0
2025-06-18 11:04:09.335142,3054.2,100720.0,183011.0
2025-06-18 11:04:10.162814,3054.5,100720.0,183011.0
2025-06-18 11:04:10.337485,3054.5,100730.0,182858.0
2025-06-18 11:04:11.340524,3054.5,100486.0,182889.0
2025-06-18 11:04:12.539706,3054.0,100681.0,182885.0
2025-06-18 11:04:13.152679,3054.0,100681.0,182885.0
2025-06-18 11:04:14.147025,3054.0,100571.0,183170.0
2025-06-18 11:04:15.155094,3054.5,100571.0,183170.0
2025-06-18 11:04:15.243854,3054.5,100623.0,182470.0
2025-06-18 11:04:16.241180,3054.5,100584.0,182482.0
2025-06-18 11:04:17.243133,3054.0,100597.0,182294.0
2025-06-18 11:04:18.148569,3054.5,100406.0,182071.0
2025-06-18 11:04:18.157421,3054.5,100406.0,182071.0
2025-06-18 11:04:19.186915,3054.5,100406.0,182071.0
2025-06-18 11:04:19.661029,3054.5,100725.0,182069.0
2025-06-18 11:04:20.153592,3054.5,100725.0,182069.0
2025-06-18 11:04:20.753410,3055.0,100685.0,181655.0
2025-06-18 11:04:21.167276,3055.0,100685.0,181655.0
2025-06-18 11:04:21.854903,3055.0,100766.0,181898.0
2025-06-18 11:04:22.158712,3054.9,100766.0,181898.0
2025-06-18 11:04:22.961080,3054.9,100366.0,182072.0
2025-06-18 11:04:23.154593,3054.2,100366.0,182072.0
2025-06-18 11:04:24.057943,3054.9,100736.0,181982.0
2025-06-18 11:04:24.159231,3054.9,100736.0,181982.0
2025-06-18 11:04:25.057175,3054.9,100806.0,181957.0
2025-06-18 11:04:25.157372,3054.9,100806.0,181957.0
2025-06-18 11:04:26.166975,3054.9,100981.0,181957.0
2025-06-18 11:04:27.157208,3054.2,100981.0,181957.0
2025-06-18 11:04:27.259803,3054.2,100988.0,181932.0
2025-06-18 11:04:28.262073,3054.2,100964.0,181664.0
2025-06-18 11:04:29.259523,3054.2,100968.0,181714.0
2025-06-18 11:04:30.151648,3054.9,100968.0,181714.0
2025-06-18 11:04:30.260952,3054.9,100952.0,181746.0
2025-06-18 11:04:31.260732,3054.9,100971.0,181746.0
2025-06-18 11:04:32.153945,3054.9,100971.0,181746.0
2025-06-18 11:04:32.362493,3054.9,100959.0,181738.0
2025-06-18 11:04:33.366493,3054.9,100959.0,181845.0
2025-06-18 11:04:34.193023,3054.2,100959.0,181845.0
2025-06-18 11:04:34.472557,3054.2,100910.0,181960.0
2025-06-18 11:04:35.162122,3054.9,100910.0,181960.0
2025-06-18 11:04:35.565271,3054.9,100923.0,181775.0
2025-06-18 11:04:36.666916,3054.9,100953.0,181952.0
2025-06-18 11:04:37.165195,3054.9,100953.0,181952.0
2025-06-18 11:04:37.766543,3054.9,100578.0,182163.0
2025-06-18 11:04:38.764941,3054.9,100732.0,182763.0
2025-06-18 11:04:39.156934,3054.9,100732.0,182763.0
2025-06-18 11:04:39.865876,3054.9,100996.0,182774.0
2025-06-18 11:04:40.157891,3054.9,100996.0,182774.0
2025-06-18 11:04:40.873808,3055.1,101648.0,180819.0
2025-06-18 11:04:41.149348,3055.1,101648.0,180819.0
2025-06-18 11:04:41.973942,3055.1,102875.0,180734.0
2025-06-18 11:04:43.068316,3055.1,102773.0,180749.0
2025-06-18 11:04:44.176609,3055.1,102973.0,180809.0
2025-06-18 11:04:45.186614,3054.9,102973.0,180809.0
2025-06-18 11:04:45.277200,3054.9,103076.0,180860.0
2025-06-18 11:04:46.271265,3054.9,103095.0,180782.0
2025-06-18 11:04:47.368847,3054.9,102924.0,180787.0
2025-06-18 11:04:48.159872,3054.9,102924.0,180787.0
2025-06-18 11:04:48.282147,3054.9,102812.0,180623.0
2025-06-18 11:04:49.274581,3054.9,102814.0,180633.0
2025-06-18 11:04:50.168438,3055.3,102814.0,180633.0
2025-06-18 11:04:50.373961,3055.3,102814.0,180572.0
2025-06-18 11:04:51.373153,3053.5,102003.0,180426.0
2025-06-18 11:04:52.176457,3055.3,102003.0,180426.0
2025-06-18 11:04:52.500910,3055.3,102417.0,180532.0
2025-06-18 11:04:53.484330,3055.3,102624.0,180302.0
2025-06-18 11:04:54.170817,3054.9,102624.0,180302.0
2025-06-18 11:04:54.572924,3054.9,102313.0,180343.0
2025-06-18 11:04:55.161065,3055.3,102313.0,180343.0
2025-06-18 11:04:55.574041,3055.3,102117.0,180581.0
2025-06-18 11:04:56.677008,3055.3,102145.0,180404.0
2025-06-18 11:04:57.676796,3055.3,102529.0,180268.0
2025-06-18 11:04:58.776876,3055.3,102484.0,180202.0
2025-06-18 11:04:59.156547,3055.3,102484.0,180202.0
2025-06-18 11:04:59.878361,3055.3,102094.0,180528.0
2025-06-18 11:05:00.156716,3055.3,102094.0,180528.0
2025-06-18 11:05:00.990257,3055.3,102058.0,180558.0
2025-06-18 11:05:02.161153,3054.9,102058.0,180558.0
2025-06-18 11:05:05.122223,3054.9,101812.0,182408.0
2025-06-18 11:05:05.173075,3054.9,101724.0,182014.0
2025-06-18 11:05:05.176461,3054.7,101601.0,182172.0
2025-06-18 11:05:05.178524,3054.7,101601.0,182172.0
2025-06-18 11:05:05.877989,3053.9,101447.0,181996.0
2025-06-18 11:05:06.154269,3053.9,101447.0,181996.0
2025-06-18 11:05:06.878286,3054.0,101895.0,182387.0
2025-06-18 11:05:07.384963,3054.0,101895.0,182387.0
2025-06-18 11:05:07.879583,3054.0,101936.0,182494.0
2025-06-18 11:05:08.157699,3054.6,101936.0,182494.0
2025-06-18 11:05:08.989816,3054.6,102106.0,182088.0
2025-06-18 11:05:10.077298,3054.0,101327.0,182843.0
2025-06-18 11:05:10.155159,3054.0,101327.0,182843.0
2025-06-18 11:05:11.154411,3054.0,101327.0,182843.0
2025-06-18 11:05:11.179151,3054.0,101430.0,183020.0
2025-06-18 11:05:12.277801,3054.0,101444.0,183007.0
2025-06-18 11:05:13.180721,3054.0,101172.0,183243.0
2025-06-18 11:05:14.162885,3053.8,101172.0,183243.0
2025-06-18 11:05:14.279627,3053.8,101418.0,182607.0
2025-06-18 11:05:15.156207,3053.8,101418.0,182607.0
2025-06-18 11:05:15.280703,3053.8,101539.0,182668.0
2025-06-18 11:05:16.691471,3053.8,101785.0,182612.0
2025-06-18 11:05:17.190291,3053.8,101879.0,182368.0
2025-06-18 11:05:18.165295,3053.8,101879.0,182368.0
2025-06-18 11:05:18.198043,3053.8,101715.0,182668.0
2025-06-18 11:05:19.283949,3053.8,101368.0,182554.0
2025-06-18 11:05:20.172670,3053.8,101368.0,182554.0
2025-06-18 11:05:20.383676,3053.8,101445.0,182479.0
2025-06-18 11:05:21.164875,3053.6,101445.0,182479.0
2025-06-18 11:05:21.496369,3053.6,101429.0,182503.0
2025-06-18 11:05:22.498649,3053.6,101429.0,182514.0
2025-06-18 11:05:23.515162,3053.6,101391.0,182530.0
2025-06-18 11:05:24.162729,3053.9,101391.0,182530.0
2025-06-18 11:05:24.500821,3053.9,101446.0,182577.0
2025-06-18 11:05:25.148952,3053.9,101446.0,182577.0
2025-06-18 11:05:25.503653,3053.9,101454.0,182501.0
2025-06-18 11:05:26.589416,3053.9,101432.0,182610.0
2025-06-18 11:05:27.159553,3053.9,101432.0,182610.0
2025-06-18 11:05:27.690513,3053.9,101329.0,182737.0
2025-06-18 11:05:28.161510,3053.8,101329.0,182737.0
2025-06-18 11:05:28.691349,3053.8,101243.0,183064.0
2025-06-18 11:05:29.155219,3053.8,101243.0,183064.0
2025-06-18 11:05:29.792805,3053.8,101290.0,183074.0
2025-06-18 11:05:30.155059,3053.0,101290.0,183074.0
2025-06-18 11:05:30.793512,3053.0,100104.0,184377.0
2025-06-18 11:05:31.158324,3053.0,100104.0,184377.0
2025-06-18 11:05:31.895922,3052.1,99301.0,184479.0
2025-06-18 11:05:32.167823,3052.1,99301.0,184479.0
2025-06-18 11:05:32.799346,3052.1,99644.0,184311.0
2025-06-18 11:05:33.201351,3052.2,99644.0,184311.0
2025-06-18 11:05:35.170434,3052.9,100162.0,184278.0
2025-06-18 11:05:35.171191,3053.2,100162.0,184278.0
2025-06-18 11:05:35.175911,3052.8,100820.0,182936.0
2025-06-18 11:05:35.176809,3052.8,100820.0,182936.0
2025-06-18 11:05:36.164279,3052.8,100820.0,182936.0
2025-06-18 11:05:36.202204,3052.8,100850.0,182802.0
2025-06-18 11:05:37.160821,3053.1,100850.0,182802.0
2025-06-18 11:05:37.297102,3053.1,100922.0,182967.0
2025-06-18 11:05:38.159207,3053.1,100922.0,182967.0
2025-06-18 11:05:38.299268,3053.1,100957.0,183058.0
2025-06-18 11:05:39.276274,3053.1,100957.0,183058.0
2025-06-18 11:05:39.397102,3052.9,100718.0,183159.0
2025-06-18 11:05:40.157410,3053.1,100718.0,183159.0
2025-06-18 11:05:40.397033,3053.1,101063.0,182937.0
2025-06-18 11:05:41.158558,3053.1,101063.0,182937.0
2025-06-18 11:05:41.408565,3053.1,100873.0,182886.0
2025-06-18 11:05:42.398269,3053.1,100776.0,183256.0
2025-06-18 11:05:43.160752,3053.1,100776.0,183256.0
2025-06-18 11:05:43.406454,3053.1,100688.0,183212.0
2025-06-18 11:05:44.161815,3052.4,100688.0,183212.0
2025-06-18 11:05:44.506705,3052.6,100653.0,183074.0
2025-06-18 11:05:45.161932,3052.4,100653.0,183074.0
2025-06-18 11:05:45.506448,3052.4,100331.0,182734.0
2025-06-18 11:05:46.158568,3052.4,100331.0,182734.0
2025-06-18 11:05:46.605646,3052.8,100783.0,182943.0
2025-06-18 11:05:47.185694,3052.8,100783.0,182943.0
2025-06-18 11:05:47.600762,3053.1,100687.0,183277.0
2025-06-18 11:05:48.161469,3053.1,100687.0,183277.0
2025-06-18 11:05:48.510135,3053.1,100739.0,183224.0
2025-06-18 11:05:49.602680,3053.1,101338.0,183165.0
2025-06-18 11:05:50.157248,3053.1,101338.0,183165.0
2025-06-18 11:05:50.602884,3053.1,101460.0,183210.0
2025-06-18 11:05:51.704976,3053.1,101376.0,183198.0
2025-06-18 11:05:52.807971,3053.1,101414.0,183308.0
2025-06-18 11:05:53.156402,3053.1,101414.0,183308.0
2025-06-18 11:05:53.907962,3053.1,101400.0,183227.0
2025-06-18 11:05:54.165807,3053.1,101400.0,183227.0
2025-06-18 11:05:54.909632,3053.1,101363.0,183289.0
2025-06-18 11:05:55.156423,3053.1,101363.0,183289.0
2025-06-18 11:05:55.813642,3053.1,101398.0,183218.0
2025-06-18 11:05:56.910483,3053.1,101390.0,183210.0
2025-06-18 11:05:57.911627,3053.1,101403.0,183193.0
2025-06-18 11:05:58.162850,3053.0,101403.0,183193.0
2025-06-18 11:05:58.814218,3053.1,101284.0,183139.0
2025-06-18 11:05:59.160245,3053.1,101284.0,183139.0
2025-06-18 11:05:59.911734,3053.1,101284.0,182885.0
2025-06-18 11:06:00.156960,3053.1,101284.0,182885.0
2025-06-18 11:06:01.515320,3053.1,101410.0,182975.0
2025-06-18 11:06:02.163280,3053.0,101410.0,182975.0
2025-06-18 11:06:02.615879,3053.0,101298.0,183099.0
2025-06-18 11:06:03.156592,3053.0,101298.0,183099.0
2025-06-18 11:06:03.617308,3053.0,101144.0,183141.0
2025-06-18 11:06:04.163872,3053.1,101144.0,183141.0
2025-06-18 11:06:04.716409,3053.1,101223.0,183300.0
2025-06-18 11:06:05.155778,3053.1,101223.0,183300.0
2025-06-18 11:06:05.819987,3053.0,101401.0,183208.0
2025-06-18 11:06:06.158345,3053.0,101401.0,183208.0
2025-06-18 11:06:06.921557,3053.1,101399.0,183185.0
2025-06-18 11:06:07.164525,3053.0,101399.0,183185.0
2025-06-18 11:06:08.017443,3053.0,101406.0,183271.0
2025-06-18 11:06:09.036142,3053.1,101329.0,183234.0
2025-06-18 11:06:09.161404,3053.1,101329.0,183234.0
2025-06-18 11:06:10.018513,3053.1,101409.0,183218.0
2025-06-18 11:06:10.197460,3053.1,101409.0,183218.0
2025-06-18 11:06:11.018979,3053.1,101461.0,182941.0
2025-06-18 11:06:12.017480,3053.1,101526.0,183041.0
2025-06-18 11:06:13.117988,3053.1,101557.0,182858.0
2025-06-18 11:06:14.122792,3053.1,101628.0,182948.0
2025-06-18 11:06:15.164007,3053.1,101628.0,182948.0
2025-06-18 11:06:15.818636,3053.0,101950.0,182803.0
2025-06-18 11:06:16.157712,3053.0,101950.0,182803.0
2025-06-18 11:06:16.818137,3053.0,101447.0,182805.0
2025-06-18 11:06:17.821814,3053.1,100603.0,182794.0
2025-06-18 11:06:18.164236,3053.0,100603.0,182794.0
2025-06-18 11:06:18.822077,3053.0,101377.0,182792.0
2025-06-18 11:06:19.822509,3053.1,101464.0,182780.0
2025-06-18 11:06:20.156480,3053.1,101464.0,182780.0
2025-06-18 11:06:20.926775,3053.1,101482.0,182791.0
2025-06-18 11:06:21.924866,3053.1,101584.0,182789.0
2025-06-18 11:06:22.160222,3053.1,101584.0,182789.0
2025-06-18 11:06:23.023799,3053.1,101518.0,182797.0
2025-06-18 11:06:23.924287,3053.1,101484.0,182788.0
2025-06-18 11:06:24.164353,3053.0,101484.0,182788.0
2025-06-18 11:06:24.925886,3053.1,102348.0,182762.0
2025-06-18 11:06:25.159844,3053.1,102348.0,182762.0
2025-06-18 11:06:26.028040,3053.1,102387.0,182656.0
2025-06-18 11:06:27.133093,3053.1,102352.0,182957.0
2025-06-18 11:06:27.159424,3053.1,102352.0,182957.0
2025-06-18 11:06:28.126294,3053.1,102351.0,182990.0
2025-06-18 11:06:29.126673,3053.1,102003.0,182990.0
2025-06-18 11:06:30.164990,3053.1,102003.0,182990.0
2025-06-18 11:06:30.230787,3053.1,102369.0,182952.0
2025-06-18 11:06:31.328544,3053.0,102360.0,182948.0
2025-06-18 11:06:32.166991,3053.0,102360.0,182948.0
2025-06-18 11:06:32.331427,3053.0,102371.0,182958.0
2025-06-18 11:06:33.330998,3053.0,101960.0,182925.0
2025-06-18 11:06:34.338895,3053.0,101948.0,182715.0
2025-06-18 11:06:35.163604,3053.1,101948.0,182715.0
2025-06-18 11:06:35.436039,3053.1,102567.0,182705.0
2025-06-18 11:06:36.437455,3053.1,102567.0,182873.0
2025-06-18 11:06:37.159555,3053.1,102567.0,182873.0
2025-06-18 11:06:37.542528,3053.0,102509.0,182902.0
2025-06-18 11:06:38.158168,3053.0,102509.0,182902.0
2025-06-18 11:06:38.436202,3053.0,101533.0,182941.0
2025-06-18 11:06:39.167741,3053.1,101533.0,182941.0
2025-06-18 11:06:39.444093,3053.1,102462.0,183017.0
2025-06-18 11:06:40.166644,3053.1,102462.0,183017.0
2025-06-18 11:06:40.436290,3053.1,102529.0,182755.0
2025-06-18 11:06:41.437819,3053.1,102527.0,182755.0
2025-06-18 11:06:42.440289,3053.1,102527.0,182742.0
2025-06-18 11:06:43.438375,3053.0,102284.0,182899.0
2025-06-18 11:06:44.160586,3053.0,102284.0,182899.0
2025-06-18 11:06:44.754221,3053.0,102116.0,182849.0
2025-06-18 11:06:45.158435,3053.0,102116.0,182849.0
2025-06-18 11:06:45.441781,3053.0,102212.0,182807.0
2025-06-18 11:06:46.163303,3053.0,102212.0,182807.0
2025-06-18 11:06:46.716610,3053.0,102202.0,182798.0
2025-06-18 11:06:46.719435,3053.0,102202.0,182798.0
2025-06-18 11:06:47.441226,3053.0,102201.0,182808.0
2025-06-18 11:06:47.613194,3053.0,102201.0,182808.0
2025-06-18 11:06:48.169151,3053.1,102201.0,182808.0
2025-06-18 11:06:48.440806,3053.1,102194.0,182884.0
2025-06-18 11:06:48.551970,3053.1,102194.0,182884.0
2025-06-18 11:06:49.162719,3053.2,102194.0,182884.0
2025-06-18 11:06:49.766703,3053.2,102194.0,182884.0
2025-06-18 11:06:49.805581,3053.2,101573.0,182988.0
2025-06-18 11:06:50.160984,3053.2,101573.0,182988.0
2025-06-18 11:06:50.287865,3053.2,101573.0,182988.0
2025-06-18 11:06:50.441012,3053.2,102512.0,183028.0
2025-06-18 11:06:51.052545,3053.2,102512.0,183028.0
2025-06-18 11:06:51.155853,3053.1,102512.0,183028.0
2025-06-18 11:06:51.441656,3053.1,102372.0,183139.0
2025-06-18 11:06:52.038251,3053.1,102372.0,183139.0
2025-06-18 11:06:52.443875,3053.1,102035.0,183183.0
2025-06-18 11:06:52.602755,3053.1,102035.0,183183.0
2025-06-18 11:06:53.443702,3053.9,102171.0,183366.0
2025-06-18 11:06:53.558128,3053.9,102171.0,183366.0
2025-06-18 11:06:54.199927,3053.9,102171.0,183366.0
2025-06-18 11:06:54.444750,3053.9,102218.0,183118.0
2025-06-18 11:06:54.742173,3053.9,102218.0,183118.0
2025-06-18 11:06:55.162579,3053.9,102218.0,183118.0
2025-06-18 11:06:55.345694,3053.9,102363.0,183259.0
2025-06-18 11:06:56.201101,3053.1,102363.0,183259.0
2025-06-18 11:06:56.241558,3053.1,102363.0,183259.0
2025-06-18 11:06:56.348173,3053.1,102213.0,183294.0
2025-06-18 11:06:57.113326,3053.1,102213.0,183294.0
2025-06-18 11:06:57.347350,3053.1,102289.0,183276.0
2025-06-18 11:06:58.345896,3053.1,102300.0,183058.0
2025-06-18 11:06:58.516439,3053.1,102300.0,183058.0
2025-06-18 11:06:59.158178,3053.8,102300.0,183058.0
2025-06-18 11:06:59.346342,3053.8,100697.0,183000.0
2025-06-18 11:06:59.660393,3053.8,100697.0,183000.0
2025-06-18 11:07:00.157209,3053.7,100697.0,183000.0
2025-06-18 11:07:00.346128,3053.7,101516.0,183106.0
2025-06-18 11:07:00.817496,3053.7,101516.0,183106.0
2025-06-18 11:07:02.161742,3052.6,101516.0,183106.0
2025-06-18 11:07:02.286427,3052.6,101516.0,183106.0
2025-06-18 11:07:05.085513,3053.7,101516.0,183106.0
2025-06-18 11:07:05.661378,3053.7,100963.0,183984.0
2025-06-18 11:07:06.164235,3053.7,100963.0,183984.0
2025-06-18 11:07:10.487828,3053.3,100963.0,183984.0
2025-06-18 11:07:11.168044,3053.6,100963.0,183984.0
2025-06-18 11:07:11.170176,3053.6,101667.0,182970.0
2025-06-18 11:07:16.860327,3053.6,101066.0,184796.0
2025-06-18 11:07:17.175573,3053.6,101066.0,184796.0
2025-06-18 11:07:20.166022,3053.7,101066.0,184796.0
2025-06-18 11:07:22.196347,3052.3,101308.0,184798.0
2025-06-18 11:07:23.171509,3052.3,101308.0,184798.0
2025-06-18 11:07:26.224625,3052.7,101308.0,184798.0
2025-06-18 11:07:26.960681,3053.2,100963.0,183673.0
2025-06-18 11:07:28.170953,3053.2,100963.0,183673.0
2025-06-18 11:07:29.182743,3053.4,100963.0,183673.0
2025-06-18 11:07:31.863075,3053.5,100056.0,184520.0
2025-06-18 11:07:32.178451,3053.5,100056.0,184520.0
2025-06-18 11:07:34.171171,3053.4,100056.0,184520.0
2025-06-18 11:07:36.166879,3053.1,100056.0,184520.0
2025-06-18 11:07:36.670896,3053.5,99915.0,185056.0
2025-06-18 11:07:38.169340,3053.1,99915.0,185056.0
2025-06-18 11:07:40.200142,3053.5,99915.0,185056.0
2025-06-18 11:07:41.877945,3053.5,100919.0,184498.0
2025-06-18 11:07:44.793967,3052.1,100919.0,184498.0
2025-06-18 11:07:46.175871,3053.1,100919.0,184498.0
2025-06-18 11:07:47.275814,3052.1,101217.0,184768.0
2025-06-18 11:07:48.169964,3053.1,101217.0,184768.0
2025-06-18 11:07:50.180181,3053.1,101217.0,184768.0
2025-06-18 11:07:52.274156,3053.0,101716.0,185236.0
2025-06-18 11:07:53.175409,3053.0,101716.0,185236.0
2025-06-18 11:07:56.184388,3053.0,101716.0,185236.0
2025-06-18 11:07:57.279196,3053.0,101725.0,185072.0
2025-06-18 11:08:01.244919,3052.4,101725.0,185072.0
2025-06-18 11:08:01.484145,3052.4,101730.0,184381.0
2025-06-18 11:08:02.578718,3052.5,100190.0,184313.0
2025-06-18 11:08:03.169100,3052.5,100190.0,184313.0
2025-06-18 11:08:03.579017,3052.5,101835.0,184222.0
2025-06-18 11:08:04.174752,3052.5,101835.0,184222.0
2025-06-18 11:08:04.685879,3052.5,102210.0,184254.0
2025-06-18 11:08:05.184215,3053.0,102210.0,184254.0
2025-06-18 11:08:05.684382,3053.0,102362.0,184155.0
2025-06-18 11:08:06.171268,3052.8,102362.0,184155.0
2025-06-18 11:08:06.788243,3052.4,102354.0,184004.0
2025-06-18 11:08:07.170725,3052.4,102354.0,184004.0
2025-06-18 11:08:07.882250,3052.7,102502.0,183946.0
2025-06-18 11:08:08.173013,3052.7,102502.0,183946.0
2025-06-18 11:08:09.214565,3052.7,102553.0,183938.0
2025-06-18 11:08:10.087553,3053.0,101750.0,183876.0
2025-06-18 11:08:10.181919,3053.0,101750.0,183876.0
2025-06-18 11:08:11.093705,3053.0,103161.0,183904.0
2025-06-18 11:08:12.251737,3052.7,102927.0,183883.0
2025-06-18 11:08:12.252825,3052.7,102927.0,183883.0
2025-06-18 11:08:13.088366,3052.7,102228.0,183805.0
2025-06-18 11:08:15.125122,3052.7,103104.0,183664.0
2025-06-18 11:08:15.193984,3053.0,103104.0,183664.0
2025-06-18 11:08:15.496942,3053.0,103057.0,183822.0
2025-06-18 11:08:16.180658,3052.7,103057.0,183822.0
2025-06-18 11:08:16.592749,3053.0,103022.0,183657.0
2025-06-18 11:08:20.439538,3053.0,103022.0,183657.0
2025-06-18 11:08:20.486329,3053.0,102488.0,184148.0
2025-06-18 11:08:20.493774,3053.0,102488.0,184148.0
2025-06-18 11:08:20.500892,3052.5,101389.0,185048.0
2025-06-18 11:08:20.529014,3052.7,101389.0,185048.0
2025-06-18 11:08:20.534719,3052.7,100121.0,185165.0
2025-06-18 11:08:20.539986,3052.7,100121.0,185165.0
2025-06-18 11:08:20.893251,3052.7,101547.0,185452.0
2025-06-18 11:08:22.017781,3052.7,101543.0,185204.0
2025-06-18 11:08:22.168108,3052.7,101543.0,185204.0
2025-06-18 11:08:23.095588,3052.7,101586.0,185371.0
2025-06-18 11:08:24.169959,3052.7,101586.0,185371.0
2025-06-18 11:08:24.196879,3052.7,101578.0,185373.0
2025-06-18 11:08:25.169825,3052.7,101578.0,185373.0
2025-06-18 11:08:25.295899,3052.7,101492.0,185322.0
2025-06-18 11:08:26.166899,3052.7,101492.0,185322.0
2025-06-18 11:08:26.398131,3052.7,101507.0,185581.0
2025-06-18 11:08:27.168920,3052.4,101507.0,185581.0
2025-06-18 11:08:27.398577,3052.4,101489.0,186051.0
2025-06-18 11:08:28.170214,3052.7,101489.0,186051.0
2025-06-18 11:08:28.300331,3052.7,101465.0,185966.0
2025-06-18 11:08:29.167358,3052.4,101465.0,185966.0
2025-06-18 11:08:29.360988,3052.4,101493.0,185101.0
2025-06-18 11:08:30.168273,3052.7,101493.0,185101.0
2025-06-18 11:08:30.301248,3052.7,101474.0,185172.0
2025-06-18 11:08:31.175204,3052.7,101474.0,185172.0
2025-06-18 11:08:31.209775,3052.7,101586.0,185477.0
2025-06-18 11:08:32.203049,3052.7,100700.0,185957.0
2025-06-18 11:08:33.172031,3052.7,100700.0,185957.0
2025-06-18 11:08:33.306168,3052.7,101580.0,185894.0
2025-06-18 11:08:34.406574,3052.7,101424.0,185916.0
2025-06-18 11:08:35.165732,3052.7,101424.0,185916.0
2025-06-18 11:08:35.514200,3052.7,101641.0,185863.0
2025-06-18 11:08:36.516692,3052.7,102601.0,185866.0
2025-06-18 11:08:37.169443,3052.7,102601.0,185866.0
2025-06-18 11:08:37.515153,3052.7,102602.0,185867.0
2025-06-18 11:08:39.167692,3052.7,102598.0,185866.0
2025-06-18 11:08:39.169623,3052.7,102598.0,185866.0
2025-06-18 11:08:40.106736,3052.7,103476.0,186730.0
2025-06-18 11:08:40.175170,3052.7,103476.0,186730.0
2025-06-18 11:08:41.169121,3052.4,103476.0,186730.0
2025-06-18 11:08:41.206730,3052.4,102458.0,187231.0
2025-06-18 11:08:42.176333,3052.1,102458.0,187231.0
2025-06-18 11:08:42.211672,3052.1,102851.0,187240.0
2025-06-18 11:08:43.308267,3052.1,103024.0,187281.0
2025-06-18 11:08:44.408734,3052.1,102896.0,187121.0
2025-06-18 11:08:45.176438,3052.7,102896.0,187121.0
2025-06-18 11:08:45.408555,3052.7,103073.0,187082.0
2025-06-18 11:08:46.199709,3052.7,103073.0,187082.0
2025-06-18 11:08:46.514974,3052.7,102896.0,186968.0
2025-06-18 11:08:47.170619,3052.7,102896.0,186968.0
2025-06-18 11:08:47.608373,3052.7,103089.0,186983.0
2025-06-18 11:08:48.168634,3052.7,103089.0,186983.0
2025-06-18 11:08:48.520258,3052.7,103334.0,186954.0
2025-06-18 11:08:49.514856,3052.7,103169.0,186788.0
2025-06-18 11:08:50.170320,3052.7,103169.0,186788.0
2025-06-18 11:08:50.515991,3052.7,103137.0,187127.0
2025-06-18 11:08:51.709613,3052.7,103080.0,187010.0
2025-06-18 11:08:52.713501,3052.7,103402.0,186913.0
2025-06-18 11:08:53.171624,3052.7,103402.0,186913.0
2025-06-18 11:08:53.710642,3052.7,103335.0,187112.0
2025-06-18 11:08:54.172035,3052.7,103335.0,187112.0
2025-06-18 11:08:54.713704,3052.7,103400.0,187200.0
2025-06-18 11:08:55.168398,3052.7,103400.0,187200.0
2025-06-18 11:08:55.716744,3052.7,103351.0,187155.0
2025-06-18 11:08:56.174333,3052.7,103351.0,187155.0
2025-06-18 11:08:56.714447,3052.7,102098.0,186483.0
2025-06-18 11:08:57.615695,3052.7,103305.0,186560.0
2025-06-18 11:08:58.714738,3052.7,103309.0,186574.0
2025-06-18 11:08:59.915150,3052.7,103268.0,186742.0
2025-06-18 11:09:00.167474,3052.7,103268.0,186742.0
2025-06-18 11:09:01.178183,3052.7,103268.0,186742.0
2025-06-18 11:09:02.214066,3052.4,103268.0,186742.0
2025-06-18 11:09:05.179032,3052.7,103268.0,186742.0
2025-06-18 11:09:05.524749,3052.7,102845.0,186750.0
2025-06-18 11:09:07.172787,3053.0,102845.0,186750.0
2025-06-18 11:09:10.725776,3053.0,103154.0,186681.0
2025-06-18 11:09:11.170007,3053.0,103154.0,186681.0
2025-06-18 11:09:14.307726,3053.0,103154.0,186681.0
2025-06-18 11:09:15.174315,3053.0,103154.0,186681.0
2025-06-18 11:09:16.774549,3052.3,103118.0,186539.0
2025-06-18 11:09:17.173492,3052.3,103118.0,186539.0
2025-06-18 11:09:18.875653,3053.0,103118.0,186539.0
2025-06-18 11:09:20.200839,3053.0,103118.0,186539.0
2025-06-18 11:09:22.126705,3053.0,102862.0,186260.0
2025-06-18 11:09:25.178044,3053.0,102862.0,186260.0
2025-06-18 11:09:27.168290,3052.4,102862.0,186260.0
2025-06-18 11:09:27.432455,3052.4,102914.0,186616.0
2025-06-18 11:09:28.186719,3052.3,102914.0,186616.0
2025-06-18 11:09:30.190396,3053.0,102914.0,186616.0
2025-06-18 11:09:32.734898,3053.0,103492.0,186616.0
2025-06-18 11:09:33.176385,3052.4,103492.0,186616.0
2025-06-18 11:09:35.173416,3053.0,103492.0,186616.0
2025-06-18 11:09:37.176709,3053.0,103492.0,186616.0
2025-06-18 11:09:37.939922,3053.0,103756.0,184709.0
2025-06-18 11:09:39.896559,3053.0,103756.0,184709.0
2025-06-18 11:09:40.176860,3053.0,103756.0,184709.0
2025-06-18 11:09:43.177867,3052.4,103756.0,184709.0
2025-06-18 11:09:43.338491,3052.4,104170.0,185470.0
2025-06-18 11:09:44.211261,3053.0,104170.0,185470.0
2025-06-18 11:09:47.137394,3053.0,104170.0,185470.0
2025-06-18 11:09:47.222535,3053.0,104170.0,185470.0
2025-06-18 11:09:48.191901,3052.4,104170.0,185470.0
2025-06-18 11:09:48.250642,3052.4,104170.0,185470.0
2025-06-18 11:09:48.542529,3052.4,104092.0,185230.0
2025-06-18 11:09:49.101818,3052.4,104092.0,185230.0
2025-06-18 11:09:50.025551,3052.4,104092.0,185230.0
2025-06-18 11:09:50.176780,3053.0,104092.0,185230.0
2025-06-18 11:09:50.862795,3053.0,104092.0,185230.0
2025-06-18 11:09:51.636621,3053.0,104092.0,185230.0
2025-06-18 11:09:52.627285,3053.0,104092.0,185230.0
2025-06-18 11:09:53.178710,3052.1,104092.0,185230.0
2025-06-18 11:09:53.232758,3052.1,104092.0,185230.0
2025-06-18 11:09:54.047036,3052.1,104004.0,185463.0
2025-06-18 11:09:54.090566,3052.1,104004.0,185463.0
2025-06-18 11:09:55.335706,3052.1,104004.0,185463.0
2025-06-18 11:09:56.587066,3052.1,104004.0,185463.0
2025-06-18 11:09:57.180100,3052.0,104004.0,185463.0
2025-06-18 11:09:57.562490,3052.0,104004.0,185463.0
2025-06-18 11:09:58.185349,3053.0,104004.0,185463.0
2025-06-18 11:09:58.967605,3053.0,104004.0,185463.0
2025-06-18 11:09:59.154891,3053.0,103947.0,184974.0
2025-06-18 11:10:00.119357,3053.0,103947.0,184974.0
2025-06-18 11:10:01.170279,3053.0,103947.0,184974.0
2025-06-18 11:10:01.247981,3053.0,103947.0,184974.0
2025-06-18 11:10:02.717093,3053.0,103947.0,184974.0
2025-06-18 11:10:04.352740,3053.0,103717.0,184524.0
2025-06-18 11:10:07.178284,3052.8,103717.0,184524.0
2025-06-18 11:10:09.513741,3052.5,103717.0,184524.0
2025-06-18 11:10:09.539443,3052.5,102269.0,185168.0
2025-06-18 11:10:11.189528,3052.8,102269.0,185168.0
2025-06-18 11:10:13.181749,3052.8,102269.0,185168.0
2025-06-18 11:10:14.854038,3052.8,103720.0,185252.0
2025-06-18 11:10:17.186277,3052.8,103720.0,185252.0
2025-06-18 11:10:19.176554,3052.8,103720.0,185252.0
2025-06-18 11:10:20.057940,3052.9,104140.0,185039.0
2025-06-18 11:10:21.189421,3052.2,104140.0,185039.0
2025-06-18 11:10:23.178200,3052.9,104140.0,185039.0
2025-06-18 11:10:25.182484,3052.9,104140.0,185039.0
2025-06-18 11:10:25.256555,3052.9,104861.0,184083.0
2025-06-18 11:10:28.188445,3053.0,104861.0,184083.0
2025-06-18 11:10:30.862757,3053.0,104790.0,182727.0
2025-06-18 11:10:31.190580,3053.0,104790.0,182727.0
2025-06-18 11:10:34.189354,3052.9,104790.0,182727.0
2025-06-18 11:10:36.467728,3053.0,104602.0,183012.0
2025-06-18 11:10:37.179272,3053.0,104602.0,183012.0
2025-06-18 11:10:39.173444,3053.0,104602.0,183012.0
2025-06-18 11:10:41.183428,3053.0,104602.0,183012.0
2025-06-18 11:10:41.969851,3053.0,104678.0,182880.0
2025-06-18 11:10:43.178179,3053.0,104678.0,182880.0
2025-06-18 11:10:45.175747,3053.3,104678.0,182880.0
2025-06-18 11:10:47.176000,3053.4,104678.0,182880.0
2025-06-18 11:10:47.178503,3053.4,104609.0,182661.0
2025-06-18 11:10:49.176018,3053.5,104609.0,182661.0
2025-06-18 11:10:51.177217,3053.5,104609.0,182661.0
2025-06-18 11:10:52.185645,3053.0,104609.0,182661.0
2025-06-18 11:10:52.279498,3053.0,104354.0,183391.0
2025-06-18 11:10:55.178935,3053.5,104354.0,183391.0
2025-06-18 11:10:57.484578,3053.5,103738.0,183140.0
2025-06-18 11:11:01.173937,3053.5,103738.0,183140.0
2025-06-18 11:11:02.786590,3053.5,104183.0,183024.0
2025-06-18 11:11:03.176181,3053.5,104183.0,183024.0
2025-06-18 11:11:07.178985,3053.5,104183.0,183024.0
2025-06-18 11:11:08.294804,3053.5,104175.0,182933.0
2025-06-18 11:11:10.182529,3053.5,104175.0,182933.0
2025-06-18 11:11:13.695136,3053.5,104831.0,183548.0
2025-06-18 11:11:16.179789,3053.5,104831.0,183548.0
2025-06-18 11:11:18.897180,3053.2,104424.0,183997.0
2025-06-18 11:11:19.190572,3053.2,104424.0,183997.0
2025-06-18 11:11:21.186727,3053.2,104424.0,183997.0
2025-06-18 11:11:24.106429,3052.9,103523.0,185322.0
2025-06-18 11:11:25.194045,3052.9,103523.0,185322.0
2025-06-18 11:11:27.182176,3053.0,103523.0,185322.0
2025-06-18 11:11:29.229321,3052.3,104239.0,185024.0
2025-06-18 11:11:30.182767,3052.9,104239.0,185024.0
2025-06-18 11:11:32.191987,3052.3,104239.0,185024.0
2025-06-18 11:11:34.185757,3052.9,104239.0,185024.0
2025-06-18 11:11:34.212176,3052.9,104768.0,184583.0
2025-06-18 11:11:37.193433,3052.0,104768.0,184583.0
2025-06-18 11:11:39.214211,3052.0,104092.0,185068.0
2025-06-18 11:11:40.183701,3053.3,104092.0,185068.0
2025-06-18 11:11:43.202100,3052.0,104092.0,185068.0
2025-06-18 11:11:44.312126,3051.5,103938.0,185266.0
2025-06-18 11:11:47.212853,3052.9,103938.0,185266.0
2025-06-18 11:11:48.212823,3051.4,103938.0,185266.0
2025-06-18 11:11:49.314774,3051.4,104046.0,185392.0
2025-06-18 11:11:51.205758,3052.8,104046.0,185392.0
2025-06-18 11:11:52.223002,3051.5,104046.0,185392.0
2025-06-18 11:11:54.420419,3051.5,104567.0,185346.0
2025-06-18 11:11:55.202800,3052.6,104567.0,185346.0
2025-06-18 11:11:58.442129,3051.1,104567.0,185346.0
2025-06-18 11:11:59.557229,3052.5,102869.0,185588.0
2025-06-18 11:12:00.188585,3052.5,102869.0,185588.0
2025-06-18 11:12:02.291235,3052.5,103589.0,185708.0
2025-06-18 11:12:02.826441,3052.5,104048.0,185788.0
2025-06-18 11:12:03.186516,3051.5,104048.0,185788.0
2025-06-18 11:12:03.927238,3051.5,104048.0,185787.0
2025-06-18 11:12:04.179234,3051.5,104048.0,185787.0
2025-06-18 11:12:04.928304,3052.5,104056.0,185688.0
2025-06-18 11:12:05.177128,3052.5,104056.0,185688.0
2025-06-18 11:12:06.035821,3051.5,103421.0,185638.0
2025-06-18 11:12:06.175574,3051.5,103421.0,185638.0
2025-06-18 11:12:07.126889,3052.5,103600.0,186306.0
2025-06-18 11:12:07.178283,3052.5,103600.0,186306.0
2025-06-18 11:12:08.178652,3052.0,103600.0,186306.0
2025-06-18 11:12:08.233341,3052.0,103894.0,186148.0
2025-06-18 11:12:10.119133,3052.0,103646.0,186209.0
2025-06-18 11:12:10.179239,3052.3,103646.0,186209.0
2025-06-18 11:12:10.237539,3052.3,104079.0,186289.0
2025-06-18 11:12:11.176543,3052.3,104079.0,186289.0
2025-06-18 11:12:11.231672,3052.3,104207.0,186139.0
2025-06-18 11:12:12.332450,3052.3,104366.0,186278.0
2025-06-18 11:12:13.184813,3051.0,104366.0,186278.0
2025-06-18 11:12:13.333292,3051.0,102757.0,186383.0
2025-06-18 11:12:14.179937,3051.0,102757.0,186383.0
2025-06-18 11:12:14.233913,3051.0,103349.0,186365.0
2025-06-18 11:12:15.177683,3051.0,103349.0,186365.0
2025-06-18 11:12:15.236620,3051.0,102830.0,186476.0
2025-06-18 11:12:16.176408,3051.0,102830.0,186476.0
2025-06-18 11:12:16.243268,3051.0,102798.0,186509.0
2025-06-18 11:12:17.178802,3051.0,102798.0,186509.0
2025-06-18 11:12:17.336511,3051.0,103226.0,186686.0
2025-06-18 11:12:18.211018,3051.0,103226.0,186686.0
2025-06-18 11:12:18.437894,3051.0,102958.0,186613.0
2025-06-18 11:12:19.543919,3051.0,103083.0,186731.0
2025-06-18 11:12:20.175959,3051.0,103083.0,186731.0
2025-06-18 11:12:20.737050,3051.0,103296.0,186710.0
2025-06-18 11:12:21.178315,3050.9,103296.0,186710.0
2025-06-18 11:12:21.644939,3050.9,102915.0,186591.0
2025-06-18 11:12:22.747616,3051.0,102411.0,186574.0
2025-06-18 11:12:23.178634,3051.0,102411.0,186574.0
2025-06-18 11:12:23.841373,3051.0,102410.0,187046.0
2025-06-18 11:12:24.179661,3050.8,102410.0,187046.0
2025-06-18 11:12:24.942746,3051.0,102289.0,187068.0
2025-06-18 11:12:25.176791,3051.0,102289.0,187068.0
2025-06-18 11:12:25.948778,3050.9,102061.0,187079.0
2025-06-18 11:12:26.179661,3050.9,102061.0,187079.0
2025-06-18 11:12:27.047593,3050.9,101327.0,187044.0
2025-06-18 11:12:27.180162,3050.9,101327.0,187044.0
2025-06-18 11:12:28.154673,3050.9,102146.0,187203.0
2025-06-18 11:12:29.347743,3050.9,102247.0,187170.0
2025-06-18 11:12:30.185998,3050.9,102247.0,187170.0
2025-06-18 11:12:30.446519,3050.9,102207.0,187185.0
2025-06-18 11:12:31.448566,3050.9,102189.0,187096.0
2025-06-18 11:12:32.205849,3051.0,102189.0,187096.0
2025-06-18 11:12:32.551739,3051.0,100924.0,187159.0
2025-06-18 11:12:33.179797,3050.0,100924.0,187159.0
2025-06-18 11:12:33.552802,3050.0,100606.0,187034.0
2025-06-18 11:12:35.156162,3050.4,101485.0,187037.0
2025-06-18 11:12:35.199631,3050.4,101485.0,187037.0
2025-06-18 11:12:36.256517,3050.4,101330.0,186930.0
2025-06-18 11:12:37.159530,3050.0,101705.0,186848.0
2025-06-18 11:12:37.179581,3050.0,101705.0,186848.0
2025-06-18 11:12:38.180940,3049.9,101705.0,186848.0
2025-06-18 11:12:38.255699,3049.9,101861.0,186694.0
2025-06-18 11:12:39.355629,3049.9,101961.0,186818.0
2025-06-18 11:12:40.179431,3050.0,101961.0,186818.0
2025-06-18 11:12:40.354204,3050.0,101782.0,186919.0
2025-06-18 11:12:41.219831,3049.9,101782.0,186919.0
2025-06-18 11:12:41.458277,3049.9,101894.0,187124.0
2025-06-18 11:12:42.459308,3049.9,101703.0,187158.0
2025-06-18 11:12:43.561873,3049.8,101699.0,187079.0
2025-06-18 11:12:44.179534,3049.8,101699.0,187079.0
2025-06-18 11:12:44.661315,3049.9,101712.0,187146.0
2025-06-18 11:12:45.180047,3050.0,101712.0,187146.0
2025-06-18 11:12:45.666122,3050.0,101674.0,187162.0
2025-06-18 11:12:46.178872,3050.0,101674.0,187162.0
2025-06-18 11:12:46.859808,3050.0,101479.0,187084.0
2025-06-18 11:12:47.561984,3050.0,101479.0,187084.0
2025-06-18 11:12:47.862123,3050.0,101490.0,186950.0
2025-06-18 11:12:48.178925,3050.0,101490.0,186950.0
2025-06-18 11:12:48.626992,3050.0,101490.0,186950.0
2025-06-18 11:12:48.963077,3050.0,101545.0,186889.0
2025-06-18 11:12:49.177664,3050.0,101545.0,186889.0
2025-06-18 11:12:49.532622,3050.0,101545.0,186889.0
2025-06-18 11:12:50.062156,3050.0,101572.0,186789.0
2025-06-18 11:12:50.184212,3050.0,101572.0,186789.0
2025-06-18 11:12:50.447196,3050.0,101572.0,186789.0
2025-06-18 11:12:51.063538,3049.9,101162.0,187041.0
2025-06-18 11:12:51.179430,3049.9,101162.0,187041.0
2025-06-18 11:12:51.305046,3049.9,101162.0,187041.0
2025-06-18 11:12:52.063533,3049.9,101394.0,187025.0
2025-06-18 11:12:52.069889,3049.9,101394.0,187025.0
2025-06-18 11:12:53.071962,3049.9,101394.0,187025.0
2025-06-18 11:12:53.166899,3049.9,101446.0,187065.0
2025-06-18 11:12:53.180242,3049.9,101446.0,187065.0
2025-06-18 11:12:53.633698,3049.9,101446.0,187065.0
2025-06-18 11:12:54.043383,3049.9,101446.0,187065.0
2025-06-18 11:12:54.180104,3050.0,101446.0,187065.0
2025-06-18 11:12:54.532905,3050.0,101446.0,187065.0
2025-06-18 11:12:54.867688,3050.0,101450.0,186949.0
2025-06-18 11:12:54.880224,3050.0,101450.0,186949.0
2025-06-18 11:12:55.178331,3050.0,101450.0,186949.0
2025-06-18 11:12:55.767318,3050.0,101450.0,186949.0
2025-06-18 11:12:55.969193,3050.0,101389.0,186974.0
2025-06-18 11:12:57.010012,3050.0,101389.0,186974.0
2025-06-18 11:12:57.168941,3050.0,101425.0,186893.0
2025-06-18 11:12:57.882760,3050.0,101425.0,186893.0
2025-06-18 11:12:58.172487,3050.0,101980.0,186976.0
2025-06-18 11:12:59.188343,3050.0,101980.0,186976.0
2025-06-18 11:12:59.287804,3050.0,101980.0,186976.0
2025-06-18 11:12:59.297885,3050.0,101946.0,186761.0
2025-06-18 11:13:00.186564,3050.0,101946.0,186761.0
2025-06-18 11:13:00.271389,3049.5,101674.0,186798.0
2025-06-18 11:13:00.399922,3049.5,101674.0,186798.0
2025-06-18 11:13:01.572486,3049.5,101674.0,186798.0
2025-06-18 11:13:01.771763,3049.5,99433.0,186971.0
2025-06-18 11:13:02.182014,3049.5,99433.0,186971.0
2025-06-18 11:13:02.770844,3049.5,101550.0,187022.0
2025-06-18 11:13:03.034002,3049.5,101550.0,187022.0
2025-06-18 11:13:03.875850,3049.5,100865.0,187197.0
2025-06-18 11:13:04.973027,3050.0,100884.0,187043.0
2025-06-18 11:13:05.183364,3049.1,100884.0,187043.0
2025-06-18 11:13:05.978101,3049.4,99294.0,187168.0
2025-06-18 11:13:06.183323,3049.4,99294.0,187168.0
2025-06-18 11:13:07.074163,3049.5,100945.0,187091.0
2025-06-18 11:13:07.183869,3049.5,100945.0,187091.0
2025-06-18 11:13:08.076654,3050.0,101008.0,187090.0
2025-06-18 11:13:08.181544,3050.0,101008.0,187090.0
2025-06-18 11:13:09.075356,3050.0,100595.0,186884.0
2025-06-18 11:13:09.183244,3050.0,100595.0,186884.0
2025-06-18 11:13:10.077802,3050.0,99302.0,186980.0
2025-06-18 11:13:10.182643,3050.0,99302.0,186980.0
2025-06-18 11:13:10.978510,3050.0,100362.0,187032.0
2025-06-18 11:13:11.185128,3050.0,100362.0,187032.0
2025-06-18 11:13:11.978386,3050.0,100396.0,187087.0
2025-06-18 11:13:12.187164,3049.5,100396.0,187087.0
2025-06-18 11:13:12.980727,3049.5,100393.0,187060.0
2025-06-18 11:13:14.078921,3049.5,100395.0,187082.0
2025-06-18 11:13:15.189227,3050.0,100395.0,187082.0
2025-06-18 11:13:15.190291,3050.0,100329.0,186953.0
2025-06-18 11:13:16.279424,3050.0,100150.0,187313.0
2025-06-18 11:13:17.280072,3050.0,100168.0,187314.0
2025-06-18 11:13:18.189119,3049.7,100168.0,187314.0
2025-06-18 11:13:18.281275,3049.7,100254.0,187286.0
2025-06-18 11:13:19.381318,3049.7,100453.0,187208.0
2025-06-18 11:13:20.186514,3049.7,100453.0,187208.0
2025-06-18 11:13:20.381554,3049.7,99432.0,187725.0
2025-06-18 11:13:21.384851,3049.7,100463.0,187768.0
2025-06-18 11:13:22.283054,3049.7,100299.0,187709.0
2025-06-18 11:13:23.183178,3049.8,100299.0,187709.0
2025-06-18 11:13:23.382972,3049.8,100315.0,187604.0
2025-06-18 11:13:24.186770,3050.0,100315.0,187604.0
2025-06-18 11:13:24.388928,3050.0,100435.0,187655.0
2025-06-18 11:13:25.187333,3050.0,100435.0,187655.0
2025-06-18 11:13:25.394412,3050.0,100444.0,187612.0
2025-06-18 11:13:26.187103,3049.7,100444.0,187612.0
2025-06-18 11:13:26.387022,3049.7,100392.0,187671.0
2025-06-18 11:13:27.408994,3049.7,100445.0,187661.0
2025-06-18 11:13:28.397713,3049.7,100283.0,187642.0
2025-06-18 11:13:29.394412,3049.7,100499.0,187760.0
2025-06-18 11:13:30.189207,3050.0,100499.0,187760.0
2025-06-18 11:13:30.490451,3050.0,99430.0,187924.0
2025-06-18 11:13:31.488891,3050.0,99420.0,187693.0
2025-06-18 11:13:32.991540,3050.0,99455.0,187732.0
2025-06-18 11:13:34.092774,3050.0,99483.0,187882.0
2025-06-18 11:13:35.185937,3050.0,99483.0,187882.0
2025-06-18 11:13:35.198699,3050.0,100010.0,187950.0
2025-06-18 11:13:36.193917,3050.0,100021.0,188460.0
2025-06-18 11:13:37.097488,3049.9,100032.0,188463.0
2025-06-18 11:13:37.187684,3049.9,100032.0,188463.0
2025-06-18 11:13:38.195927,3049.9,99948.0,188441.0
2025-06-18 11:13:39.194747,3049.9,99970.0,188215.0
2025-06-18 11:13:40.185752,3049.8,99970.0,188215.0
2025-06-18 11:13:40.197968,3049.8,99936.0,188387.0
2025-06-18 11:13:41.395404,3049.8,99083.0,188397.0
2025-06-18 11:13:42.188434,3049.9,99083.0,188397.0
2025-06-18 11:13:42.296249,3049.9,100000.0,188325.0
2025-06-18 11:13:43.399077,3049.9,99993.0,188335.0
2025-06-18 11:13:44.397198,3049.9,99818.0,188324.0
2025-06-18 11:13:45.185520,3049.9,99818.0,188324.0
2025-06-18 11:13:45.397005,3049.9,99135.0,188279.0
2025-06-18 11:13:46.190730,3049.9,99135.0,188279.0
2025-06-18 11:13:46.396401,3049.9,100009.0,188278.0
2025-06-18 11:13:47.299265,3049.9,100042.0,188268.0
2025-06-18 11:13:48.186750,3049.8,100042.0,188268.0
2025-06-18 11:13:48.298054,3049.8,100068.0,188217.0
2025-06-18 11:13:49.400606,3049.8,100058.0,188218.0
2025-06-18 11:13:50.186628,3049.9,100058.0,188218.0
2025-06-18 11:13:50.498989,3049.9,99811.0,188334.0
2025-06-18 11:13:51.600274,3049.9,99816.0,188344.0
2025-06-18 11:13:52.597985,3050.0,100669.0,187620.0
2025-06-18 11:13:53.189394,3049.8,100669.0,187620.0
2025-06-18 11:13:53.600775,3049.8,101325.0,188063.0
2025-06-18 11:13:54.189384,3049.9,101325.0,188063.0
2025-06-18 11:13:54.601025,3049.9,101390.0,188061.0
2025-06-18 11:13:55.187656,3049.9,101390.0,188061.0
2025-06-18 11:13:55.601670,3049.9,101431.0,187999.0
2025-06-18 11:13:56.187288,3049.9,101431.0,187999.0
2025-06-18 11:13:56.701719,3049.9,101431.0,188015.0
2025-06-18 11:13:57.604320,3049.9,101435.0,188025.0
2025-06-18 11:13:58.603995,3049.9,101435.0,187989.0
2025-06-18 11:13:59.184022,3049.9,101435.0,187989.0
2025-06-18 11:13:59.603835,3049.9,101011.0,188146.0
2025-06-18 11:14:00.187286,3050.0,101011.0,188146.0
2025-06-18 11:14:00.704548,3049.9,100955.0,187876.0
2025-06-18 11:14:02.193564,3049.9,100955.0,187876.0
2025-06-18 11:14:05.809478,3049.9,101081.0,187933.0
2025-06-18 11:14:06.195867,3049.9,101081.0,187933.0
2025-06-18 11:14:09.192963,3050.0,101081.0,187933.0
2025-06-18 11:14:10.197032,3050.0,101081.0,187933.0
2025-06-18 11:14:10.911843,3050.0,101145.0,188094.0
2025-06-18 11:14:13.225055,3050.0,101145.0,188094.0
2025-06-18 11:14:15.914586,3050.0,100721.0,188366.0
2025-06-18 11:14:17.197568,3050.0,100721.0,188366.0
2025-06-18 11:14:18.196541,3050.0,100721.0,188366.0
2025-06-18 11:14:20.198169,3050.0,100721.0,188366.0
2025-06-18 11:14:25.192311,3051.0,100721.0,188366.0
2025-06-18 11:14:25.723953,3051.0,104014.0,185994.0
2025-06-18 11:14:27.201142,3051.0,104014.0,185994.0
2025-06-18 11:14:29.191744,3051.0,104014.0,185994.0
2025-06-18 11:14:31.051024,3051.0,102455.0,186214.0
2025-06-18 11:14:31.189579,3051.0,102455.0,186214.0
2025-06-18 11:14:32.208587,3050.9,102455.0,186214.0
2025-06-18 11:14:35.191676,3051.2,102455.0,186214.0
2025-06-18 11:14:36.331305,3051.1,102739.0,184629.0
2025-06-18 11:14:37.214400,3051.5,102739.0,184629.0
2025-06-18 11:14:38.204496,3051.5,102739.0,184629.0
2025-06-18 11:14:41.196029,3051.5,102739.0,184629.0
2025-06-18 11:14:41.331922,3051.5,102378.0,185471.0
2025-06-18 11:14:43.202028,3051.5,102378.0,185471.0
2025-06-18 11:14:44.196535,3051.5,102378.0,185471.0
2025-06-18 11:14:46.654693,3051.2,102877.0,185270.0
2025-06-18 11:14:47.195250,3051.2,102877.0,185270.0
2025-06-18 11:14:48.203837,3051.5,102877.0,185270.0
2025-06-18 11:14:50.204609,3051.5,102877.0,185270.0
2025-06-18 11:14:52.151167,3051.4,103670.0,185378.0
2025-06-18 11:14:52.219370,3051.4,103670.0,185378.0
2025-06-18 11:14:55.190831,3051.5,103670.0,185378.0
2025-06-18 11:14:57.652956,3051.5,102967.0,185648.0
2025-06-18 11:15:00.197458,3051.4,102967.0,185648.0
2025-06-18 11:15:01.950787,3051.5,102314.0,185759.0
2025-06-18 11:15:02.195636,3051.5,102314.0,185759.0
2025-06-18 11:15:02.950589,3051.5,102491.0,185853.0
2025-06-18 11:15:03.949368,3051.5,102487.0,185954.0
2025-06-18 11:15:04.851261,3051.5,102535.0,185838.0
2025-06-18 11:15:05.194239,3051.5,102535.0,185838.0
2025-06-18 11:15:06.916359,3051.4,102341.0,185592.0
2025-06-18 11:15:06.955433,3051.4,102341.0,185592.0
2025-06-18 11:15:06.965389,3051.5,102341.0,185600.0
2025-06-18 11:15:07.191817,3051.5,102341.0,185600.0
2025-06-18 11:15:07.953175,3051.5,102333.0,185641.0
2025-06-18 11:15:10.434319,3051.5,102336.0,185672.0
2025-06-18 11:15:10.475282,3051.5,102336.0,185672.0
2025-06-18 11:15:10.477624,3051.5,102335.0,185694.0
2025-06-18 11:15:10.512623,3051.5,102335.0,185694.0
2025-06-18 11:15:10.956249,3051.4,102665.0,185730.0
2025-06-18 11:15:11.194378,3051.4,102665.0,185730.0
2025-06-18 11:15:11.955260,3051.5,102855.0,185738.0
2025-06-18 11:15:12.193666,3051.5,102855.0,185738.0
2025-06-18 11:15:13.062846,3051.5,102679.0,185673.0
2025-06-18 11:15:14.057780,3051.5,102524.0,185604.0
2025-06-18 11:15:15.057034,3051.5,102664.0,185674.0
2025-06-18 11:15:15.209264,3051.5,102664.0,185674.0
2025-06-18 11:15:16.164573,3051.5,102429.0,185661.0
2025-06-18 11:15:17.204922,3051.5,102429.0,185661.0
2025-06-18 11:15:17.258229,3051.5,102178.0,185554.0
2025-06-18 11:15:18.196691,3051.4,102178.0,185554.0
2025-06-18 11:15:18.359462,3051.4,102158.0,185957.0
2025-06-18 11:15:19.460280,3051.4,102091.0,186225.0
2025-06-18 11:15:20.196228,3051.5,102091.0,186225.0
2025-06-18 11:15:20.560433,3051.4,101768.0,186165.0
2025-06-18 11:15:21.190991,3051.4,101768.0,186165.0
2025-06-18 11:15:21.668746,3051.4,101820.0,186029.0
2025-06-18 11:15:22.194216,3051.4,101820.0,186029.0
2025-06-18 11:15:22.763040,3051.5,100985.0,186635.0
2025-06-18 11:15:23.195322,3051.5,100985.0,186635.0
2025-06-18 11:15:23.863503,3050.5,100039.0,187001.0
2025-06-18 11:15:24.192944,3050.5,100039.0,187001.0
2025-06-18 11:15:24.863453,3051.4,101174.0,186754.0
2025-06-18 11:15:25.198782,3051.4,101174.0,186754.0
2025-06-18 11:15:25.963756,3051.4,101567.0,186870.0
2025-06-18 11:15:27.072654,3051.4,101807.0,186407.0
2025-06-18 11:15:28.171183,3051.4,101708.0,186397.0
2025-06-18 11:15:28.202691,3051.4,101708.0,186397.0
2025-06-18 11:15:29.203967,3051.4,101708.0,186397.0
2025-06-18 11:15:29.267148,3051.4,100745.0,187053.0
2025-06-18 11:15:30.191521,3051.3,100745.0,187053.0
2025-06-18 11:15:30.368929,3051.3,101040.0,187086.0
2025-06-18 11:15:31.468522,3051.3,100854.0,186834.0
2025-06-18 11:15:32.568240,3051.3,100958.0,187286.0
2025-06-18 11:15:33.196070,3051.1,100958.0,187286.0
2025-06-18 11:15:33.679042,3051.1,100977.0,187288.0
2025-06-18 11:15:34.773088,3051.1,101192.0,187223.0
2025-06-18 11:15:35.197072,3051.1,101192.0,187223.0
2025-06-18 11:15:35.873868,3051.1,101301.0,186799.0
2025-06-18 11:15:36.192850,3050.6,101301.0,186799.0
2025-06-18 11:15:36.931050,3051.1,101478.0,186761.0
2025-06-18 11:15:37.224664,3051.1,101478.0,186761.0
2025-06-18 11:15:37.975130,3051.1,101448.0,186729.0
2025-06-18 11:15:38.981109,3051.1,101537.0,186757.0
2025-06-18 11:15:39.979155,3051.1,101590.0,186563.0
2025-06-18 11:15:40.195656,3051.1,101590.0,186563.0
2025-06-18 11:15:40.981665,3051.1,101555.0,186620.0
2025-06-18 11:15:41.198941,3051.1,101555.0,186620.0
2025-06-18 11:15:41.978015,3051.1,101669.0,186535.0
2025-06-18 11:15:42.196655,3051.1,101669.0,186535.0
2025-06-18 11:15:42.979863,3051.1,101590.0,186569.0
2025-06-18 11:15:44.080145,3051.1,101667.0,186635.0
2025-06-18 11:15:45.179627,3051.1,101739.0,186447.0
2025-06-18 11:15:45.195257,3051.1,101739.0,186447.0
2025-06-18 11:15:46.190369,3051.1,101028.0,186131.0
2025-06-18 11:15:47.281100,3051.1,101914.0,186162.0
2025-06-18 11:15:48.068507,3051.1,101914.0,186162.0
2025-06-18 11:15:48.198043,3051.1,101914.0,186162.0
2025-06-18 11:15:48.382090,3051.1,101986.0,186265.0
2025-06-18 11:15:49.093997,3051.1,101986.0,186265.0
2025-06-18 11:15:49.482132,3051.1,101522.0,186330.0
2025-06-18 11:15:50.008311,3051.1,101522.0,186330.0
2025-06-18 11:15:50.198015,3051.5,101522.0,186330.0
2025-06-18 11:15:50.483331,3051.5,100964.0,186006.0
2025-06-18 11:15:50.936885,3051.5,100964.0,186006.0
2025-06-18 11:15:51.200082,3051.5,100964.0,186006.0
2025-06-18 11:15:51.483127,3051.5,101982.0,186226.0
2025-06-18 11:15:51.779255,3051.5,101982.0,186226.0
2025-06-18 11:15:52.195808,3051.5,101982.0,186226.0
2025-06-18 11:15:52.487400,3051.5,102013.0,186281.0
2025-06-18 11:15:52.563441,3051.5,102013.0,186281.0
2025-06-18 11:15:53.566192,3051.5,102013.0,186281.0
2025-06-18 11:15:53.601644,3051.5,102034.0,186273.0
2025-06-18 11:15:54.126818,3051.5,102034.0,186273.0
2025-06-18 11:15:54.197183,3051.5,102034.0,186273.0
2025-06-18 11:15:54.535678,3051.5,102034.0,186273.0
2025-06-18 11:15:54.687324,3051.5,102028.0,186067.0
2025-06-18 11:15:55.030158,3051.5,102028.0,186067.0
2025-06-18 11:15:55.195751,3051.5,102028.0,186067.0
2025-06-18 11:15:55.401734,3051.5,102028.0,186067.0
2025-06-18 11:15:55.687846,3051.5,101171.0,186023.0
2025-06-18 11:15:56.291794,3051.5,101171.0,186023.0
2025-06-18 11:15:56.688371,3051.5,101430.0,186057.0
2025-06-18 11:15:57.547769,3051.5,101430.0,186057.0
2025-06-18 11:15:57.686493,3051.5,102141.0,186002.0
2025-06-18 11:15:58.408915,3051.5,102141.0,186002.0
2025-06-18 11:15:58.688792,3051.5,101930.0,185936.0
2025-06-18 11:15:59.194364,3051.5,101930.0,185936.0
2025-06-18 11:15:59.685574,3051.5,101428.0,185753.0
2025-06-18 11:16:00.106707,3051.5,101428.0,185753.0
2025-06-18 11:16:00.194531,3051.5,101428.0,185753.0
2025-06-18 11:16:00.787160,3051.5,102076.0,185909.0
2025-06-18 11:16:01.248552,3051.5,102076.0,185909.0
2025-06-18 11:16:02.386946,3051.5,102076.0,185909.0
2025-06-18 11:16:03.198180,3051.5,102076.0,185909.0
2025-06-18 11:16:03.881975,3051.5,102076.0,185909.0
2025-06-18 11:16:04.201122,3051.3,102076.0,185909.0
2025-06-18 11:16:06.088241,3051.3,101938.0,185833.0
2025-06-18 11:16:07.200625,3051.5,101938.0,185833.0
2025-06-18 11:16:08.732937,3051.5,101938.0,185833.0
2025-06-18 11:16:10.475642,3051.5,101938.0,185833.0
2025-06-18 11:16:11.294068,3051.3,100697.0,187346.0
2025-06-18 11:16:13.200102,3051.3,100697.0,187346.0
2025-06-18 11:16:14.203211,3051.0,100697.0,187346.0
2025-06-18 11:16:16.801984,3051.3,100895.0,186502.0
2025-06-18 11:16:17.205270,3051.3,100895.0,186502.0
2025-06-18 11:16:18.210627,3051.3,100895.0,186502.0
2025-06-18 11:16:20.209172,3051.3,100895.0,186502.0
2025-06-18 11:16:21.902221,3050.4,100439.0,187257.0
2025-06-18 11:16:22.215692,3050.4,100439.0,187257.0
2025-06-18 11:16:24.210080,3051.2,100439.0,187257.0
2025-06-18 11:16:26.207066,3051.2,100439.0,187257.0
2025-06-18 11:16:27.005460,3051.2,101061.0,187015.0
2025-06-18 11:16:31.200112,3051.2,101061.0,187015.0
2025-06-18 11:16:32.007493,3051.2,100348.0,187492.0
2025-06-18 11:16:37.204056,3050.7,100348.0,187492.0
2025-06-18 11:16:37.215272,3050.7,100338.0,186893.0
2025-06-18 11:16:38.240769,3050.4,100338.0,186893.0
2025-06-18 11:16:40.331114,3050.7,100338.0,186893.0
2025-06-18 11:16:42.213784,3050.7,100338.0,186893.0
2025-06-18 11:16:42.515403,3050.4,100372.0,186804.0
2025-06-18 11:16:44.207940,3050.4,100372.0,186804.0
2025-06-18 11:16:46.210823,3050.7,100372.0,186804.0
2025-06-18 11:16:47.618655,3050.0,98407.0,186889.0
2025-06-18 11:16:49.206129,3050.0,98407.0,186889.0
2025-06-18 11:16:50.212022,3050.0,98407.0,186889.0
2025-06-18 11:16:52.720549,3049.4,100032.0,187244.0
2025-06-18 11:16:53.207450,3049.4,100032.0,187244.0
2025-06-18 11:16:55.208238,3049.4,100032.0,187244.0
2025-06-18 11:16:57.923611,3049.4,100249.0,187469.0
2025-06-18 11:16:58.213650,3050.0,100249.0,187469.0
2025-06-18 11:17:01.201850,3050.0,100249.0,187469.0
2025-06-18 11:17:01.826084,3050.0,99988.0,187461.0
2025-06-18 11:17:03.204079,3049.9,99988.0,187461.0
2025-06-18 11:17:03.326640,3049.9,99980.0,187662.0
2025-06-18 11:17:04.211522,3050.0,99980.0,187662.0
2025-06-18 11:17:04.329778,3050.0,99280.0,187482.0
2025-06-18 11:17:05.207538,3049.5,99280.0,187482.0
2025-06-18 11:17:05.326903,3049.5,99235.0,187341.0
2025-06-18 11:17:06.209615,3049.5,99235.0,187341.0
2025-06-18 11:17:06.327951,3049.5,99882.0,187766.0
2025-06-18 11:17:07.207669,3050.0,99882.0,187766.0
2025-06-18 11:17:07.328999,3050.0,99835.0,187557.0
2025-06-18 11:17:08.429783,3050.0,99633.0,187539.0
2025-06-18 11:17:09.207459,3049.3,99633.0,187539.0
2025-06-18 11:17:09.430847,3049.3,99566.0,187809.0
2025-06-18 11:17:10.211170,3050.0,99566.0,187809.0
2025-06-18 11:17:10.327846,3050.0,99657.0,187968.0
2025-06-18 11:17:11.429381,3050.0,99637.0,187855.0
2025-06-18 11:17:12.431823,3050.0,99648.0,187720.0
2025-06-18 11:17:13.530733,3050.0,99687.0,187478.0
2025-06-18 11:17:14.631429,3050.0,99473.0,187533.0
2025-06-18 11:17:15.210957,3050.0,99473.0,187533.0
2025-06-18 11:17:15.631687,3050.0,99500.0,187377.0
2025-06-18 11:17:16.206792,3050.0,99500.0,187377.0
2025-06-18 11:17:16.638346,3050.0,99610.0,187258.0
2025-06-18 11:17:17.832812,3050.0,99697.0,187581.0
2025-06-18 11:17:18.245553,3050.0,99697.0,187581.0
2025-06-18 11:17:18.933165,3050.0,99695.0,187668.0
2025-06-18 11:17:19.934431,3050.0,99757.0,187553.0
2025-06-18 11:17:20.209828,3050.0,99757.0,187553.0
2025-06-18 11:17:20.962598,3050.0,99757.0,187552.0
2025-06-18 11:17:21.938472,3050.0,99696.0,187735.0
2025-06-18 11:17:22.208599,3049.4,99696.0,187735.0
2025-06-18 11:17:23.039988,3049.4,99613.0,187733.0
2025-06-18 11:17:24.041153,3049.4,99798.0,187803.0
2025-06-18 11:17:25.109938,3050.0,99843.0,188260.0
2025-06-18 11:17:25.210731,3050.0,99843.0,188260.0
2025-06-18 11:17:26.038806,3050.0,99999.0,187867.0
2025-06-18 11:17:27.039231,3049.8,99936.0,188192.0
2025-06-18 11:17:27.209297,3049.8,99936.0,188192.0
2025-06-18 11:17:28.039680,3049.8,99932.0,188157.0
2025-06-18 11:17:28.942660,3050.0,99967.0,188186.0
2025-06-18 11:17:29.209940,3050.0,99967.0,188186.0
2025-06-18 11:17:30.041130,3050.0,99991.0,188114.0
2025-06-18 11:17:30.209334,3049.8,99991.0,188114.0
2025-06-18 11:17:30.948366,3049.8,99983.0,187994.0
2025-06-18 11:17:31.948935,3049.8,99972.0,187968.0
2025-06-18 11:17:33.147842,3050.0,99883.0,187869.0
2025-06-18 11:17:33.211628,3050.0,99883.0,187869.0
2025-06-18 11:17:34.251296,3050.0,99906.0,187922.0
2025-06-18 11:17:35.210481,3050.0,99906.0,187922.0
2025-06-18 11:17:35.248264,3050.0,99906.0,187872.0
2025-06-18 11:17:36.209998,3050.0,99906.0,187872.0
2025-06-18 11:17:36.250749,3050.0,100003.0,187908.0
2025-06-18 11:17:37.208423,3050.0,100003.0,187908.0
2025-06-18 11:17:37.357182,3050.0,100050.0,187817.0
2025-06-18 11:17:38.208788,3050.0,100050.0,187817.0
2025-06-18 11:17:38.448421,3050.0,100041.0,187799.0
2025-06-18 11:17:39.450178,3050.0,100056.0,187776.0
2025-06-18 11:17:40.209830,3049.9,100056.0,187776.0
2025-06-18 11:17:40.351504,3049.8,100274.0,187967.0
2025-06-18 11:17:41.216458,3049.8,100274.0,187967.0
2025-06-18 11:17:41.450891,3049.9,100427.0,187970.0
2025-06-18 11:17:42.210065,3049.9,100427.0,187970.0
2025-06-18 11:17:42.552300,3049.9,100458.0,187877.0
2025-06-18 11:17:43.212816,3049.9,100458.0,187877.0
2025-06-18 11:17:43.654918,3049.9,100492.0,187852.0
2025-06-18 11:17:44.751339,3049.9,100508.0,187788.0
2025-06-18 11:17:45.208479,3049.9,100508.0,187788.0
2025-06-18 11:17:45.850350,3049.9,99367.0,189430.0
2025-06-18 11:17:46.210926,3049.9,99367.0,189430.0
2025-06-18 11:17:46.953354,3049.9,99361.0,189419.0
2025-06-18 11:17:47.212360,3049.9,99361.0,189419.0
2025-06-18 11:17:47.957227,3049.9,99310.0,189375.0
2025-06-18 11:17:48.209271,3049.9,99310.0,189375.0
2025-06-18 11:17:48.963278,3049.9,99310.0,189403.0
2025-06-18 11:17:49.957232,3049.4,99307.0,188819.0
2025-06-18 11:17:50.213963,3049.4,99307.0,188819.0
2025-06-18 11:17:50.957616,3049.4,99309.0,188818.0
2025-06-18 11:17:52.059719,3049.4,99348.0,188889.0
2025-06-18 11:17:53.161103,3049.4,99348.0,188971.0
2025-06-18 11:17:54.165537,3049.8,99360.0,188959.0
2025-06-18 11:17:54.209529,3049.8,99360.0,188959.0
2025-06-18 11:17:55.067518,3049.8,99356.0,188836.0
2025-06-18 11:17:56.066816,3049.8,99356.0,188836.0
2025-06-18 11:17:57.167077,3049.8,99247.0,188959.0
2025-06-18 11:17:58.263678,3049.8,99197.0,188935.0
2025-06-18 11:17:59.211627,3049.6,99197.0,188935.0
2025-06-18 11:17:59.364853,3049.6,99239.0,189120.0
2025-06-18 11:18:00.461892,3049.6,99239.0,189314.0
2025-06-18 11:18:02.466746,3049.6,99386.0,190022.0
2025-06-18 11:18:07.215366,3049.8,99386.0,190022.0
2025-06-18 11:18:07.367071,3049.8,99255.0,190183.0
2025-06-18 11:18:11.216815,3045.0,99255.0,190183.0
2025-06-18 11:18:12.277387,3045.0,90824.0,193984.0
2025-06-18 11:18:14.207959,3045.1,90824.0,193984.0
2025-06-18 11:18:17.212461,3045.0,90824.0,193984.0
2025-06-18 11:18:18.175839,3046.0,89665.0,194197.0
2025-06-18 11:18:20.214305,3046.0,89665.0,194197.0
2025-06-18 11:18:21.268096,3046.0,89665.0,194197.0
2025-06-18 11:18:23.981468,3045.5,91942.0,194250.0
2025-06-18 11:18:24.208055,3045.5,91942.0,194250.0
2025-06-18 11:18:26.210141,3045.1,91942.0,194250.0
2025-06-18 11:18:28.259782,3045.1,91942.0,194250.0
2025-06-18 11:18:29.093205,3045.5,92406.0,193800.0
2025-06-18 11:18:30.208834,3045.3,92406.0,193800.0
2025-06-18 11:18:32.215339,3045.5,92406.0,193800.0
2025-06-18 11:18:33.242051,3045.3,92406.0,193800.0
2025-06-18 11:18:34.920893,3045.5,92109.0,193125.0
2025-06-18 11:18:35.221922,3046.0,92109.0,193125.0
2025-06-18 11:18:37.222035,3046.0,92109.0,193125.0
2025-06-18 11:18:39.216867,3046.9,92109.0,193125.0
2025-06-18 11:18:39.290023,3046.9,93150.0,191905.0
2025-06-18 11:18:41.216333,3046.0,93150.0,191905.0
2025-06-18 11:18:44.188251,3047.3,92010.0,191358.0
2025-06-18 11:18:44.215969,3047.3,92010.0,191358.0
2025-06-18 11:18:45.214807,3046.1,92010.0,191358.0
2025-06-18 11:18:48.506798,3046.1,92010.0,191358.0
2025-06-18 11:18:48.788748,3047.0,93687.0,190928.0
2025-06-18 11:18:49.218545,3047.0,93687.0,190928.0
2025-06-18 11:18:49.549784,3047.0,93687.0,190928.0
2025-06-18 11:18:50.460017,3047.0,93687.0,190928.0
2025-06-18 11:18:51.214991,3046.2,93687.0,190928.0
2025-06-18 11:18:51.402440,3046.2,93687.0,190928.0
2025-06-18 11:18:52.249502,3046.2,93687.0,190928.0
2025-06-18 11:18:53.037140,3046.2,93687.0,190928.0
2025-06-18 11:18:53.218275,3047.0,93687.0,190928.0
2025-06-18 11:18:53.494004,3047.0,93397.0,190761.0
2025-06-18 11:18:54.047814,3047.0,93397.0,190761.0
2025-06-18 11:18:55.033138,3047.0,93397.0,190761.0
2025-06-18 11:18:55.216565,3045.8,93397.0,190761.0
2025-06-18 11:18:55.517397,3045.8,93397.0,190761.0
2025-06-18 11:18:56.780217,3045.8,93397.0,190761.0
2025-06-18 11:18:58.031903,3045.8,93397.0,190761.0
2025-06-18 11:18:58.210837,3046.9,93397.0,190761.0
2025-06-18 11:18:58.295366,3046.9,93767.0,190872.0
2025-06-18 11:18:58.897539,3046.9,93767.0,190872.0
2025-06-18 11:19:00.282800,3046.9,93767.0,190872.0
2025-06-18 11:19:01.222730,3047.3,93767.0,190872.0
2025-06-18 11:19:01.398125,3047.3,94671.0,190782.0
2025-06-18 11:19:01.562216,3047.3,94671.0,190782.0
2025-06-18 11:19:02.208322,3047.3,94671.0,190782.0
2025-06-18 11:19:02.494190,3047.3,94633.0,190793.0
2025-06-18 11:19:02.711283,3047.3,94633.0,190793.0
2025-06-18 11:19:03.602397,3047.3,94817.0,190851.0
2025-06-18 11:19:04.185764,3047.3,94817.0,190851.0
2025-06-18 11:19:04.606766,3047.3,94800.0,190843.0
2025-06-18 11:19:05.497599,3047.3,95143.0,190832.0
2025-06-18 11:19:06.208722,3046.3,95143.0,190832.0
2025-06-18 11:19:06.497979,3046.9,94996.0,190680.0
2025-06-18 11:19:07.212118,3046.9,94996.0,190680.0
2025-06-18 11:19:07.500164,3046.1,101677.0,191031.0
2025-06-18 11:19:08.212171,3046.1,101677.0,191031.0
2025-06-18 11:19:08.606908,3046.1,102128.0,191156.0
2025-06-18 11:19:09.698787,3046.1,102246.0,191140.0
2025-06-18 11:19:10.208747,3045.5,102246.0,191140.0
2025-06-18 11:19:10.607436,3045.5,93126.0,191753.0
2025-06-18 11:19:11.208229,3045.1,93126.0,191753.0
2025-06-18 11:19:11.699263,3045.5,93521.0,192051.0
2025-06-18 11:19:12.207231,3045.0,93521.0,192051.0
2025-06-18 11:19:12.802289,3045.5,93485.0,192044.0
2025-06-18 11:19:13.213037,3045.5,93485.0,192044.0
2025-06-18 11:19:13.905199,3045.5,93477.0,192145.0
2025-06-18 11:19:14.209181,3045.5,93477.0,192145.0
2025-06-18 11:19:15.003401,3045.5,93468.0,192067.0
2025-06-18 11:19:15.209347,3045.5,93468.0,192067.0
2025-06-18 11:19:16.005287,3046.0,93728.0,191601.0
2025-06-18 11:19:16.209438,3046.0,93728.0,191601.0
2025-06-18 11:19:17.007249,3046.0,94595.0,191273.0
2025-06-18 11:19:18.009005,3046.7,94585.0,191508.0
2025-06-18 11:19:18.209548,3046.7,94585.0,191508.0
2025-06-18 11:19:19.007848,3046.7,93806.0,191470.0
2025-06-18 11:19:20.007798,3046.7,93771.0,191825.0
2025-06-18 11:19:20.209423,3046.0,93771.0,191825.0
2025-06-18 11:19:21.010420,3046.0,93403.0,192262.0
2025-06-18 11:19:22.008575,3046.0,93490.0,192160.0
2025-06-18 11:19:23.009713,3046.0,93555.0,192296.0
2025-06-18 11:19:24.114931,3045.0,92585.0,192484.0
2025-06-18 11:19:24.215065,3045.0,92585.0,192484.0
2025-06-18 11:19:25.209412,3046.0,92585.0,192484.0
2025-06-18 11:19:25.223155,3046.0,92931.0,192642.0
2025-06-18 11:19:26.219349,3045.0,92760.0,192647.0
2025-06-18 11:19:27.214737,3045.0,92760.0,192647.0
2025-06-18 11:19:27.316450,3045.0,92787.0,192544.0
2025-06-18 11:19:28.415114,3045.0,92745.0,192396.0
2025-06-18 11:19:29.210779,3045.5,92745.0,192396.0
2025-06-18 11:19:29.519633,3045.5,93002.0,192440.0
2025-06-18 11:19:30.614909,3045.5,93001.0,192233.0
2025-06-18 11:19:31.514464,3045.5,92797.0,192195.0
2025-06-18 11:19:32.208406,3045.5,92797.0,192195.0
2025-06-18 11:19:32.515628,3046.0,92545.0,192670.0
2025-06-18 11:19:33.208745,3046.0,92545.0,192670.0
2025-06-18 11:19:33.515711,3046.0,92813.0,192684.0
2025-06-18 11:19:34.220374,3045.5,92813.0,192684.0
2025-06-18 11:19:34.517430,3045.5,92348.0,192622.0
2025-06-18 11:19:35.212190,3046.0,92348.0,192622.0
2025-06-18 11:19:35.618946,3045.5,93164.0,192564.0
2025-06-18 11:19:36.213691,3045.5,93164.0,192564.0
2025-06-18 11:19:36.618712,3046.0,93031.0,192551.0
2025-06-18 11:19:37.213113,3046.0,93031.0,192551.0
2025-06-18 11:19:37.716309,3046.0,93267.0,192779.0
2025-06-18 11:19:38.816548,3046.0,92360.0,192907.0
2025-06-18 11:19:39.819372,3046.0,92773.0,193355.0
2025-06-18 11:19:40.211156,3045.5,92773.0,193355.0
2025-06-18 11:19:40.719747,3045.5,91593.0,194515.0
2025-06-18 11:19:41.722056,3045.5,92476.0,194508.0
2025-06-18 11:19:42.821294,3045.5,92699.0,194515.0
2025-06-18 11:19:43.232150,3045.0,92699.0,194515.0
2025-06-18 11:19:43.822563,3044.1,90505.0,195461.0
2025-06-18 11:19:44.219502,3044.1,90505.0,195461.0
2025-06-18 11:19:44.820955,3044.1,90732.0,195212.0
2025-06-18 11:19:45.822265,3044.7,90825.0,195273.0
2025-06-18 11:19:46.207816,3044.7,90825.0,195273.0
2025-06-18 11:19:46.823261,3044.7,90854.0,195255.0
2025-06-18 11:19:47.823933,3044.7,91115.0,194921.0
2025-06-18 11:19:48.213808,3044.7,91115.0,194921.0
2025-06-18 11:19:48.824829,3044.7,91275.0,194954.0
2025-06-18 11:19:49.825164,3044.7,91243.0,195028.0
2025-06-18 11:19:50.213172,3044.7,91243.0,195028.0
2025-06-18 11:19:50.825448,3044.8,91133.0,194333.0
2025-06-18 11:19:51.218729,3044.8,91133.0,194333.0
2025-06-18 11:19:51.825248,3044.3,91235.0,194601.0
2025-06-18 11:19:52.210202,3044.3,91235.0,194601.0
2025-06-18 11:19:52.834405,3044.3,91249.0,194574.0
2025-06-18 11:19:53.828824,3044.3,91126.0,194485.0
2025-06-18 11:19:54.829164,3044.8,91230.0,194483.0
2025-06-18 11:19:55.213583,3044.8,91230.0,194483.0
2025-06-18 11:19:55.930037,3044.3,91295.0,194482.0
2025-06-18 11:19:56.208039,3044.1,91295.0,194482.0
2025-06-18 11:19:57.051821,3044.1,90905.0,194717.0
2025-06-18 11:19:57.833615,3044.2,90945.0,194762.0
2025-06-18 11:19:58.214150,3044.2,90945.0,194762.0
2025-06-18 11:20:00.475512,3044.2,90113.0,194577.0
2025-06-18 11:20:00.479280,3044.1,90113.0,194577.0
2025-06-18 11:20:00.515649,3044.1,90592.0,194627.0
2025-06-18 11:20:00.517546,3044.2,90592.0,194627.0
2025-06-18 11:20:01.232812,3044.1,90592.0,194627.0
2025-06-18 11:20:01.734780,3044.1,90836.0,194673.0
2025-06-18 11:20:02.238740,3044.1,90836.0,194673.0
2025-06-18 11:20:02.833409,3044.1,90575.0,194971.0
2025-06-18 11:20:03.214753,3044.0,90575.0,194971.0
2025-06-18 11:20:03.836768,3044.0,90313.0,194998.0
2025-06-18 11:20:04.209715,3044.0,90313.0,194998.0
2025-06-18 11:20:04.837306,3044.0,90525.0,194990.0
2025-06-18 11:20:05.840023,3044.1,90516.0,195045.0
2025-06-18 11:20:06.212788,3044.0,90516.0,195045.0
2025-06-18 11:20:06.842133,3044.8,90301.0,194521.0
2025-06-18 11:20:07.211939,3044.8,90301.0,194521.0
2025-06-18 11:20:07.845418,3044.8,90249.0,194344.0
2025-06-18 11:20:08.842643,3044.0,90093.0,194368.0
2025-06-18 11:20:09.216195,3044.0,90093.0,194368.0
2025-06-18 11:20:09.744544,3044.0,90360.0,194429.0
2025-06-18 11:20:10.216030,3044.0,90360.0,194429.0
2025-06-18 11:20:10.845300,3044.9,90312.0,194575.0
2025-06-18 11:20:11.211276,3044.9,90312.0,194575.0
2025-06-18 11:20:11.846841,3044.9,90164.0,194523.0
2025-06-18 11:20:12.210832,3044.9,90164.0,194523.0
2025-06-18 11:20:12.946579,3044.9,90477.0,195037.0
2025-06-18 11:20:13.210379,3044.9,90477.0,195037.0
2025-06-18 11:20:14.048626,3044.0,90429.0,195165.0
2025-06-18 11:20:14.210587,3044.0,90429.0,195165.0
2025-06-18 11:20:15.191740,3044.0,90385.0,195387.0
2025-06-18 11:20:16.155585,3044.0,89695.0,195868.0
2025-06-18 11:20:17.249651,3044.0,89656.0,195879.0
2025-06-18 11:20:18.219703,3044.9,89656.0,195879.0
2025-06-18 11:20:18.250659,3044.9,90091.0,195573.0
2025-06-18 11:20:19.241842,3045.0,90091.0,195573.0
2025-06-18 11:20:19.350495,3045.0,90917.0,195586.0
2025-06-18 11:20:20.214062,3044.9,90917.0,195586.0
2025-06-18 11:20:20.351673,3044.9,90854.0,195439.0
2025-06-18 11:20:21.234908,3045.0,90854.0,195439.0
2025-06-18 11:20:21.354174,3045.0,91014.0,194494.0
2025-06-18 11:20:22.354550,3045.0,91250.0,194517.0
2025-06-18 11:20:23.353801,3045.0,91185.0,194738.0
2025-06-18 11:20:24.209982,3045.0,91185.0,194738.0
2025-06-18 11:20:24.356048,3045.0,90895.0,195006.0
2025-06-18 11:20:25.212150,3044.5,90895.0,195006.0
2025-06-18 11:20:25.356265,3044.5,90006.0,195237.0
2025-06-18 11:20:26.356935,3044.5,91007.0,195013.0
2025-06-18 11:20:27.216110,3045.0,91007.0,195013.0
2025-06-18 11:20:27.357361,3045.0,90944.0,194999.0
2025-06-18 11:20:28.212176,3045.0,90944.0,194999.0
2025-06-18 11:20:28.359078,3045.0,90934.0,195073.0
2025-06-18 11:20:29.220417,3045.0,90934.0,195073.0
2025-06-18 11:20:29.359675,3045.0,90059.0,194884.0
2025-06-18 11:20:30.213216,3045.0,90059.0,194884.0
2025-06-18 11:20:30.360925,3045.0,88968.0,195216.0
2025-06-18 11:20:31.359105,3045.0,90924.0,195116.0
2025-06-18 11:20:32.460140,3045.0,90924.0,195150.0
2025-06-18 11:20:33.211407,3044.5,90924.0,195150.0
2025-06-18 11:20:33.460129,3044.5,89867.0,194313.0
2025-06-18 11:20:34.217051,3045.0,89867.0,194313.0
2025-06-18 11:20:34.561552,3045.0,90891.0,194396.0
2025-06-18 11:20:35.465090,3044.5,90090.0,194392.0
2025-06-18 11:20:36.218165,3044.5,90090.0,194392.0
2025-06-18 11:20:36.566274,3045.0,91105.0,194431.0
2025-06-18 11:20:37.213865,3045.0,91105.0,194431.0
2025-06-18 11:20:37.665480,3044.5,90994.0,194404.0
2025-06-18 11:20:38.214109,3044.5,90994.0,194404.0
2025-06-18 11:20:38.765163,3044.5,90109.0,194613.0
2025-06-18 11:20:39.766984,3044.5,90809.0,194401.0
2025-06-18 11:20:40.222141,3045.0,90809.0,194401.0
2025-06-18 11:20:40.673504,3045.0,90909.0,194610.0
2025-06-18 11:20:41.766231,3045.0,91157.0,194397.0
2025-06-18 11:20:42.870723,3045.0,91098.0,194411.0
2025-06-18 11:20:43.866440,3045.0,90521.0,194369.0
2025-06-18 11:20:44.868508,3045.0,90805.0,194154.0
2025-06-18 11:20:45.871159,3045.0,91063.0,194154.0
2025-06-18 11:20:46.872276,3045.0,91105.0,194129.0
2025-06-18 11:20:47.292225,3045.0,91105.0,194129.0
2025-06-18 11:20:47.872155,3045.0,91225.0,194062.0
2025-06-18 11:20:48.211616,3045.0,91225.0,194062.0
2025-06-18 11:20:48.870357,3045.0,90543.0,193968.0
2025-06-18 11:20:49.870219,3045.0,91204.0,193984.0
2025-06-18 11:20:50.870862,3045.1,91761.0,194086.0
2025-06-18 11:20:51.224649,3045.1,91761.0,194086.0
2025-06-18 11:20:51.872544,3045.1,90895.0,193906.0
2025-06-18 11:20:52.210483,3045.1,90895.0,193906.0
2025-06-18 11:20:52.970855,3045.1,91650.0,193894.0
2025-06-18 11:20:54.074329,3045.5,91520.0,193547.0
2025-06-18 11:20:54.213007,3045.5,91520.0,193547.0
2025-06-18 11:20:55.073889,3045.5,92242.0,193547.0
2025-06-18 11:20:55.974741,3045.5,91419.0,193426.0
2025-06-18 11:20:57.075564,3045.5,92273.0,193347.0
2025-06-18 11:20:57.218641,3045.5,92273.0,193347.0
2025-06-18 11:20:57.978262,3045.5,92378.0,193347.0
2025-06-18 11:20:59.175836,3045.1,92386.0,193320.0
2025-06-18 11:20:59.217609,3045.1,92386.0,193320.0
2025-06-18 11:21:00.078675,3045.1,92032.0,193342.0
2025-06-18 11:21:00.216603,3045.1,92032.0,193342.0
2025-06-18 11:21:01.774871,3045.1,91076.0,194851.0
2025-06-18 11:21:02.212414,3045.1,91076.0,194851.0
2025-06-18 11:21:02.776621,3045.1,91376.0,194936.0
2025-06-18 11:21:03.675230,3045.1,91592.0,194946.0
2025-06-18 11:21:04.215253,3045.1,91592.0,194946.0
2025-06-18 11:21:04.677500,3044.2,89790.0,195487.0
2025-06-18 11:21:05.214945,3044.2,89790.0,195487.0
2025-06-18 11:21:05.678612,3044.2,89998.0,195679.0
2025-06-18 11:21:06.210209,3044.0,89998.0,195679.0
2025-06-18 11:21:06.779026,3044.4,89853.0,195653.0
2025-06-18 11:21:07.210777,3044.0,89853.0,195653.0
2025-06-18 11:21:08.586412,3044.0,89999.0,195711.0
2025-06-18 11:21:09.586236,3044.0,89950.0,195655.0
2025-06-18 11:21:10.680647,3044.0,89890.0,196122.0
2025-06-18 11:21:11.217168,3044.4,89890.0,196122.0
2025-06-18 11:21:11.586868,3044.4,89982.0,196267.0
2025-06-18 11:21:12.686142,3044.4,89795.0,196245.0
2025-06-18 11:21:13.247855,3042.8,89795.0,196245.0
2025-06-18 11:21:13.790218,3043.5,89307.0,196854.0
2025-06-18 11:21:14.211825,3042.8,89307.0,196854.0
2025-06-18 11:21:14.790318,3042.7,89667.0,196625.0
2025-06-18 11:21:15.231407,3043.5,89667.0,196625.0
2025-06-18 11:21:15.788043,3043.5,89135.0,196682.0
2025-06-18 11:21:16.790003,3043.9,89825.0,196633.0
2025-06-18 11:21:17.258615,3043.9,89825.0,196633.0
2025-06-18 11:21:17.987427,3043.5,90003.0,195866.0
2025-06-18 11:21:18.217214,3043.5,90003.0,195866.0
2025-06-18 11:21:18.989783,3043.5,90210.0,196137.0
2025-06-18 11:21:19.213821,3043.0,90210.0,196137.0
2025-06-18 11:21:19.893712,3044.7,90494.0,195435.0
2025-06-18 11:21:20.215567,3043.3,90494.0,195435.0
2025-06-18 11:21:20.889958,3043.3,90405.0,195305.0
2025-06-18 11:21:21.894296,3043.3,90933.0,195229.0
2025-06-18 11:21:22.991528,3043.3,90940.0,195292.0
2025-06-18 11:21:23.988895,3043.5,90684.0,194651.0
2025-06-18 11:21:24.215237,3043.5,90684.0,194651.0
2025-06-18 11:21:24.890934,3043.5,90686.0,194686.0
2025-06-18 11:21:26.092394,3043.5,90954.0,194633.0
2025-06-18 11:21:26.218363,3043.5,90954.0,194633.0
2025-06-18 11:21:27.092706,3043.4,90843.0,195108.0
2025-06-18 11:21:27.226010,3043.4,90843.0,195108.0
2025-06-18 11:21:28.095550,3043.4,90494.0,194982.0
2025-06-18 11:21:28.992860,3043.1,90543.0,194916.0
2025-06-18 11:21:29.213425,3043.1,90543.0,194916.0
2025-06-18 11:21:30.189875,3044.4,90717.0,194847.0
2025-06-18 11:21:30.216846,3044.4,90717.0,194847.0
2025-06-18 11:21:31.197719,3044.4,90512.0,194918.0
2025-06-18 11:21:32.212419,3044.4,90512.0,194918.0
2025-06-18 11:21:32.294252,3044.4,90500.0,194917.0
2025-06-18 11:21:33.216621,3043.5,90500.0,194917.0
2025-06-18 11:21:33.292829,3043.5,90587.0,195133.0
2025-06-18 11:21:34.197357,3043.5,90446.0,195159.0
2025-06-18 11:21:35.195714,3043.5,89725.0,195116.0
2025-06-18 11:21:36.214158,3043.5,89725.0,195116.0
2025-06-18 11:21:36.295296,3043.5,90391.0,195481.0
2025-06-18 11:21:37.217771,3043.3,90391.0,195481.0
2025-06-18 11:21:37.495259,3043.3,90281.0,195365.0
2025-06-18 11:21:38.497535,3043.9,89476.0,195783.0
2025-06-18 11:21:39.243768,3043.3,89476.0,195783.0
2025-06-18 11:21:39.498778,3043.3,90106.0,195877.0
2025-06-18 11:21:40.501486,3043.3,89548.0,195833.0
2025-06-18 11:21:41.500968,3043.3,90206.0,195703.0
2025-06-18 11:21:42.502011,3043.3,90271.0,195703.0
2025-06-18 11:21:43.702268,3043.3,90286.0,195687.0
2025-06-18 11:21:45.503491,3043.3,89557.0,195481.0
2025-06-18 11:21:46.226461,3044.0,89557.0,195481.0
2025-06-18 11:21:46.506321,3044.0,90221.0,195487.0
2025-06-18 11:21:47.506208,3042.6,90223.0,195623.0
2025-06-18 11:21:48.219008,3044.0,90223.0,195623.0
2025-06-18 11:21:48.506230,3044.0,90289.0,195587.0
2025-06-18 11:21:49.052314,3044.0,90289.0,195587.0
2025-06-18 11:21:49.218653,3043.9,90289.0,195587.0
2025-06-18 11:21:49.640523,3043.9,90320.0,195776.0
2025-06-18 11:21:50.143246,3043.9,90320.0,195776.0
2025-06-18 11:21:50.705040,3043.9,90467.0,195933.0
2025-06-18 11:21:51.056209,3043.9,90467.0,195933.0
2025-06-18 11:21:52.536223,3043.9,90613.0,195715.0
2025-06-18 11:21:52.581937,3043.9,90613.0,195715.0
2025-06-18 11:21:52.594154,3043.9,90613.0,195715.0
2025-06-18 11:21:52.706640,3043.9,90758.0,195624.0
2025-06-18 11:21:52.849490,3043.9,90758.0,195624.0
2025-06-18 11:21:53.251232,3043.9,90758.0,195624.0
2025-06-18 11:21:53.643470,3043.9,90758.0,195624.0
2025-06-18 11:21:53.707791,3043.9,90933.0,196070.0
2025-06-18 11:21:54.216664,3043.9,90933.0,196070.0
2025-06-18 11:21:54.655732,3043.9,90933.0,196070.0
2025-06-18 11:21:54.709557,3043.9,90023.0,196639.0
2025-06-18 11:21:55.212054,3043.9,90023.0,196639.0
2025-06-18 11:21:55.226636,3043.6,90023.0,196639.0
2025-06-18 11:21:55.645355,3043.6,90023.0,196639.0
2025-06-18 11:21:55.712639,3043.6,90361.0,196535.0
2025-06-18 11:21:56.111995,3043.6,90361.0,196535.0
2025-06-18 11:21:56.712096,3043.6,90326.0,196715.0
2025-06-18 11:21:57.220465,3043.4,90326.0,196715.0
2025-06-18 11:21:57.362946,3043.4,90326.0,196715.0
2025-06-18 11:21:57.711056,3043.4,90574.0,196018.0
2025-06-18 11:21:58.218962,3042.9,90574.0,196018.0
2025-06-18 11:21:58.701680,3042.9,90574.0,196018.0
2025-06-18 11:21:58.712867,3043.6,90546.0,196216.0
2025-06-18 11:21:59.254119,3043.9,90546.0,196216.0
2025-06-18 11:21:59.503536,3043.9,90546.0,196216.0
2025-06-18 11:21:59.714632,3043.9,90510.0,196232.0
2025-06-18 11:22:00.812324,3043.9,90478.0,196283.0
2025-06-18 11:22:00.885136,3043.9,90478.0,196283.0
2025-06-18 11:22:02.013910,3043.9,90478.0,196283.0
2025-06-18 11:22:02.218145,3043.0,90478.0,196283.0
2025-06-18 11:22:02.222562,3043.0,90415.0,196123.0
2025-06-18 11:22:03.217388,3043.0,90415.0,196123.0
2025-06-18 11:22:03.225028,3043.0,90476.0,196123.0
2025-06-18 11:22:03.392540,3043.0,90476.0,196123.0
2025-06-18 11:22:05.186317,3043.0,89926.0,196155.0
2025-06-18 11:22:05.224721,3043.0,89926.0,196155.0
2025-06-18 11:22:05.231029,3043.0,89926.0,196155.0
2025-06-18 11:22:05.315645,3043.0,90142.0,196122.0
2025-06-18 11:22:06.219529,3043.9,90142.0,196122.0
2025-06-18 11:22:06.418915,3043.9,90170.0,196312.0
2025-06-18 11:22:07.218421,3043.9,90170.0,196312.0
2025-06-18 11:22:07.526279,3043.9,90154.0,196470.0
2025-06-18 11:22:08.219056,3043.3,90154.0,196470.0
2025-06-18 11:22:08.549422,3043.3,89396.0,196554.0
2025-06-18 11:22:09.534685,3043.3,89120.0,198202.0
2025-06-18 11:22:10.215496,3043.2,89120.0,198202.0
2025-06-18 11:22:10.518886,3043.2,89348.0,197842.0
2025-06-18 11:22:11.533692,3042.0,88756.0,197700.0
2025-06-18 11:22:12.217963,3042.0,88756.0,197700.0
2025-06-18 11:22:12.520465,3042.0,89026.0,197748.0
2025-06-18 11:22:13.659126,3042.0,89058.0,197992.0
2025-06-18 11:22:14.633285,3042.0,89089.0,198100.0
2025-06-18 11:22:15.724414,3042.0,88956.0,198035.0
2025-06-18 11:22:16.921913,3041.8,86815.0,198085.0
2025-06-18 11:22:17.214690,3041.8,86815.0,198085.0
2025-06-18 11:22:17.828733,3042.0,87775.0,198014.0
2025-06-18 11:22:18.217710,3042.0,87775.0,198014.0
2025-06-18 11:22:18.828825,3041.8,87797.0,198084.0
2025-06-18 11:22:19.355147,3042.0,87797.0,198084.0
2025-06-18 11:22:19.830824,3042.0,87952.0,197959.0
2025-06-18 11:22:20.215888,3042.0,87952.0,197959.0
2025-06-18 11:22:20.830745,3042.0,87740.0,196796.0
2025-06-18 11:22:21.215647,3042.0,87740.0,196796.0
2025-06-18 11:22:21.829458,3042.0,86799.0,197194.0
2025-06-18 11:22:22.830234,3043.5,87475.0,196732.0
2025-06-18 11:22:23.219253,3043.5,87475.0,196732.0
2025-06-18 11:22:23.731396,3043.5,88972.0,196848.0
2025-06-18 11:22:24.218864,3043.5,88972.0,196848.0
2025-06-18 11:22:24.731816,3042.0,89007.0,197019.0
2025-06-18 11:22:25.226701,3042.0,89007.0,197019.0
2025-06-18 11:22:25.833496,3042.0,89065.0,197007.0
2025-06-18 11:22:26.225816,3042.0,89065.0,197007.0
2025-06-18 11:22:27.264839,3041.8,89065.0,197007.0
2025-06-18 11:22:27.929975,3041.8,88910.0,197317.0
2025-06-18 11:22:28.931369,3041.8,89036.0,197452.0
2025-06-18 11:22:30.031482,3041.8,89025.0,197361.0
2025-06-18 11:22:31.145161,3042.5,89475.0,197402.0
2025-06-18 11:22:31.217334,3042.5,89475.0,197402.0
2025-06-18 11:22:32.235328,3043.1,89475.0,197402.0
2025-06-18 11:22:32.272708,3043.1,89627.0,197070.0
2025-06-18 11:22:33.223513,3042.5,89627.0,197070.0
2025-06-18 11:22:33.253162,3042.5,89629.0,197513.0
2025-06-18 11:22:34.241810,3042.0,89629.0,197513.0
2025-06-18 11:22:34.331887,3042.0,89691.0,197458.0
2025-06-18 11:22:35.332267,3043.0,89705.0,197449.0
2025-06-18 11:22:36.218650,3043.0,89705.0,197449.0
2025-06-18 11:22:36.334123,3043.0,89861.0,197661.0
2025-06-18 11:22:37.216996,3043.0,89861.0,197661.0
2025-06-18 11:22:37.334785,3043.0,89820.0,197657.0
2025-06-18 11:22:38.334656,3043.0,89478.0,197673.0
2025-06-18 11:22:39.223184,3043.0,89478.0,197673.0
2025-06-18 11:22:39.336541,3043.0,88063.0,197345.0
2025-06-18 11:22:40.219394,3042.6,88063.0,197345.0
2025-06-18 11:22:40.391612,3042.6,89599.0,197591.0
2025-06-18 11:22:41.217107,3043.0,89599.0,197591.0
2025-06-18 11:22:41.336856,3043.0,89673.0,197722.0
2025-06-18 11:22:42.338286,3043.0,89769.0,197725.0
2025-06-18 11:22:43.217429,3042.0,89769.0,197725.0
2025-06-18 11:22:43.339308,3042.0,89527.0,197552.0
2025-06-18 11:22:45.128864,3043.0,89527.0,197552.0
2025-06-18 11:22:45.184860,3043.0,89286.0,197646.0
2025-06-18 11:22:45.342208,3043.0,89747.0,197634.0
2025-06-18 11:22:46.226034,3042.1,89747.0,197634.0
2025-06-18 11:22:46.340295,3042.1,89520.0,197682.0
2025-06-18 11:22:47.219181,3043.0,89520.0,197682.0
2025-06-18 11:22:47.343228,3043.0,89749.0,197789.0
2025-06-18 11:22:48.225942,3043.0,89749.0,197789.0
2025-06-18 11:22:48.442770,3043.0,89701.0,197408.0
2025-06-18 11:22:49.217797,3043.0,89701.0,197408.0
2025-06-18 11:22:49.344523,3043.0,89748.0,197271.0
2025-06-18 11:22:50.223142,3042.1,89748.0,197271.0
2025-06-18 11:22:50.344946,3042.1,89481.0,197443.0
2025-06-18 11:22:51.345788,3042.1,89297.0,197431.0
2025-06-18 11:22:52.253237,3043.0,89297.0,197431.0
2025-06-18 11:22:52.348143,3043.0,89578.0,197573.0
2025-06-18 11:22:53.348425,3043.0,90083.0,197566.0
2025-06-18 11:22:54.224266,3042.1,90083.0,197566.0
2025-06-18 11:22:54.452743,3042.1,90079.0,197578.0
2025-06-18 11:22:55.551831,3042.1,90083.0,197548.0
2025-06-18 11:22:56.552292,3042.1,90148.0,198246.0
2025-06-18 11:22:57.219024,3042.0,90148.0,198246.0
2025-06-18 11:22:57.666272,3042.0,90340.0,198435.0
2025-06-18 11:22:58.692504,3042.0,90502.0,198317.0
2025-06-18 11:22:59.692480,3042.0,90402.0,198259.0
2025-06-18 11:23:00.228811,3042.1,90402.0,198259.0
2025-06-18 11:23:00.683388,3042.1,89182.0,198276.0
2025-06-18 11:23:01.260174,3043.0,89182.0,198276.0
2025-06-18 11:23:01.853848,3043.0,90249.0,197999.0
2025-06-18 11:23:02.855074,3043.0,89615.0,198237.0
2025-06-18 11:23:03.228974,3043.0,89615.0,198237.0
2025-06-18 11:23:03.754317,3043.0,89389.0,198308.0
2025-06-18 11:23:04.853376,3043.3,89566.0,198206.0
2025-06-18 11:23:05.222459,3043.3,89566.0,198206.0
2025-06-18 11:23:05.953094,3043.3,89584.0,198310.0
2025-06-18 11:23:06.958070,3043.3,89236.0,198216.0
2025-06-18 11:23:07.220466,3043.3,89236.0,198216.0
2025-06-18 11:23:08.055042,3043.0,89379.0,198314.0
2025-06-18 11:23:08.221951,3043.0,89379.0,198314.0
2025-06-18 11:23:09.052114,3043.0,89261.0,198387.0
2025-06-18 11:23:10.055886,3043.0,89774.0,198208.0
2025-06-18 11:23:11.164064,3043.0,89556.0,198300.0
2025-06-18 11:23:12.568276,3043.0,89556.0,198201.0
2025-06-18 11:23:13.169885,3043.0,89531.0,198202.0
2025-06-18 11:23:14.196830,3043.0,88798.0,198173.0
2025-06-18 11:23:14.226594,3043.0,88798.0,198173.0
2025-06-18 11:23:15.225236,3043.0,88798.0,198173.0
2025-06-18 11:23:15.260565,3043.0,89606.0,198687.0
2025-06-18 11:23:16.226223,3043.3,89606.0,198687.0
2025-06-18 11:23:16.361365,3043.3,89625.0,197694.0
2025-06-18 11:23:17.558752,3043.0,88401.0,197831.0
2025-06-18 11:23:18.230732,3043.0,88401.0,197831.0
2025-06-18 11:23:18.460809,3043.0,88834.0,199237.0
2025-06-18 11:23:19.560030,3043.0,89692.0,198843.0
2025-06-18 11:23:20.224329,3042.2,89692.0,198843.0
2025-06-18 11:23:20.675424,3042.2,88979.0,198864.0
2025-06-18 11:23:21.761355,3042.2,89879.0,199240.0
2025-06-18 11:23:22.767334,3042.2,89415.0,199844.0
2025-06-18 11:23:23.679479,3042.2,89329.0,200145.0
2025-06-18 11:23:24.259216,3042.2,89329.0,200145.0
2025-06-18 11:23:25.226561,3042.2,89329.0,200145.0
2025-06-18 11:23:25.268958,3042.2,89505.0,200198.0
2025-06-18 11:23:26.222976,3043.0,89505.0,200198.0
2025-06-18 11:23:26.264090,3043.0,89452.0,198922.0
2025-06-18 11:23:27.227636,3042.9,89452.0,198922.0
2025-06-18 11:23:27.367089,3042.9,89657.0,199553.0
2025-06-18 11:23:28.372483,3042.9,90296.0,199203.0
2025-06-18 11:23:29.239079,3043.0,90296.0,199203.0
2025-06-18 11:23:29.376571,3043.0,90721.0,199538.0
2025-06-18 11:23:30.470347,3043.0,90728.0,199338.0
2025-06-18 11:23:31.247102,3042.2,90728.0,199338.0
2025-06-18 11:23:31.570701,3042.2,90474.0,199563.0
2025-06-18 11:23:32.242881,3042.2,90474.0,199563.0
2025-06-18 11:23:32.574630,3042.2,89774.0,199597.0
2025-06-18 11:23:33.574957,3043.0,90711.0,199706.0
2025-06-18 11:23:34.227608,3043.1,90711.0,199706.0
2025-06-18 11:23:34.473889,3043.1,90705.0,199691.0
2025-06-18 11:23:35.474305,3043.1,90753.0,199696.0
2025-06-18 11:23:36.239791,3043.0,90753.0,199696.0
2025-06-18 11:23:36.477312,3043.3,90557.0,199534.0
2025-06-18 11:23:37.231859,3043.3,90557.0,199534.0
2025-06-18 11:23:37.477577,3043.3,89857.0,199534.0
2025-06-18 11:23:38.478746,3043.3,90929.0,199603.0
2025-06-18 11:23:39.382299,3043.3,90895.0,199669.0
2025-06-18 11:23:40.478458,3043.3,91001.0,199629.0
2025-06-18 11:23:41.581915,3043.3,91079.0,199637.0
2025-06-18 11:23:42.232612,3043.0,91079.0,199637.0
2025-06-18 11:23:42.580673,3043.0,91043.0,199681.0
2025-06-18 11:23:43.581305,3043.0,91065.0,199772.0
2025-06-18 11:23:44.252194,3042.2,91065.0,199772.0
2025-06-18 11:23:44.480389,3042.2,90912.0,199005.0
2025-06-18 11:23:45.228070,3043.3,90912.0,199005.0
2025-06-18 11:23:45.479538,3043.3,90912.0,199285.0
2025-06-18 11:23:46.478972,3043.3,90920.0,199418.0
2025-06-18 11:23:47.479570,3043.3,90800.0,199657.0
2025-06-18 11:23:49.298953,3042.2,90800.0,199657.0
2025-06-18 11:23:49.343322,3042.2,91341.0,199648.0
2025-06-18 11:23:49.348087,3043.0,91341.0,199648.0
2025-06-18 11:23:49.392254,3043.5,90471.0,199268.0
2025-06-18 11:23:50.232224,3043.5,90471.0,199268.0
2025-06-18 11:23:50.482464,3043.5,91259.0,199212.0
2025-06-18 11:23:51.385372,3043.5,91395.0,199278.0
2025-06-18 11:23:52.984827,3043.5,90541.0,199253.0
2025-06-18 11:23:53.985929,3043.5,91211.0,199221.0
2025-06-18 11:23:54.238935,3043.5,91211.0,199221.0
2025-06-18 11:23:54.986913,3043.2,91210.0,199204.0
2025-06-18 11:23:55.234336,3043.2,91210.0,199204.0
2025-06-18 11:23:56.086331,3042.9,90740.0,199511.0
2025-06-18 11:23:56.238361,3042.9,90740.0,199511.0
2025-06-18 11:23:57.087506,3042.9,91386.0,199351.0
2025-06-18 11:23:58.254354,3042.1,91386.0,199351.0
2025-06-18 11:23:58.286049,3042.1,90003.0,200929.0
2025-06-18 11:23:59.236427,3041.8,90003.0,200929.0
2025-06-18 11:23:59.691600,3041.8,90455.0,200955.0
2025-06-18 11:24:00.233634,3042.1,90455.0,200955.0
2025-06-18 11:24:00.589899,3042.1,90318.0,200846.0
2025-06-18 11:24:02.201295,3042.1,90433.0,200752.0
2025-06-18 11:24:03.240880,3041.6,90433.0,200752.0
2025-06-18 11:24:06.270699,3041.7,90433.0,200752.0
2025-06-18 11:24:07.097170,3042.1,90219.0,200237.0
2025-06-18 11:24:07.246991,3042.1,90219.0,200237.0
2025-06-18 11:24:10.233821,3042.4,90219.0,200237.0
2025-06-18 11:24:11.997660,3042.4,90338.0,200670.0
2025-06-18 11:24:12.245116,3042.4,90338.0,200670.0
2025-06-18 11:24:13.239741,3041.8,90338.0,200670.0
2025-06-18 11:24:15.242011,3042.1,90338.0,200670.0
2025-06-18 11:24:17.291554,3042.1,90710.0,200532.0
2025-06-18 11:24:18.231027,3042.2,90710.0,200532.0
2025-06-18 11:24:19.286266,3042.2,90710.0,200532.0
2025-06-18 11:24:21.901629,3042.2,90334.0,200319.0
2025-06-18 11:24:22.233114,3042.2,90334.0,200319.0
2025-06-18 11:24:24.240151,3041.9,90334.0,200319.0
2025-06-18 11:24:27.207420,3041.9,91156.0,200558.0
2025-06-18 11:24:31.266426,3042.0,91156.0,200558.0
2025-06-18 11:24:34.235335,3041.8,91156.0,200558.0
2025-06-18 11:24:36.229337,3042.0,91156.0,200558.0
2025-06-18 11:24:37.010398,3042.0,91407.0,200494.0
2025-06-18 11:24:38.247427,3042.0,91407.0,200494.0
2025-06-18 11:24:39.273304,3042.0,91407.0,200494.0
2025-06-18 11:24:41.239043,3041.9,91407.0,200494.0
2025-06-18 11:24:41.908482,3041.9,91214.0,199670.0
2025-06-18 11:24:43.236996,3042.0,91214.0,199670.0
2025-06-18 11:24:45.233626,3041.8,91214.0,199670.0
2025-06-18 11:24:46.910633,3041.8,91054.0,199672.0
2025-06-18 11:24:48.227394,3042.0,91054.0,199672.0
2025-06-18 11:24:49.487940,3042.0,91054.0,199672.0
2025-06-18 11:24:50.561510,3042.0,91054.0,199672.0
2025-06-18 11:24:51.482316,3042.0,91054.0,199672.0
2025-06-18 11:24:52.018380,3042.2,90580.0,199431.0
2025-06-18 11:24:52.231359,3042.2,90580.0,199431.0
2025-06-18 11:24:52.409717,3042.2,90580.0,199431.0
2025-06-18 11:24:53.264326,3042.2,90580.0,199431.0
2025-06-18 11:24:54.045114,3042.2,90580.0,199431.0
2025-06-18 11:24:55.065336,3042.2,90580.0,199431.0
2025-06-18 11:24:55.314239,3042.3,90580.0,199431.0
2025-06-18 11:24:55.640078,3042.3,90580.0,199431.0
2025-06-18 11:24:56.054227,3042.3,90580.0,199431.0
2025-06-18 11:24:57.783437,3042.3,90580.0,199431.0
2025-06-18 11:24:58.231245,3042.4,90580.0,199431.0
2025-06-18 11:24:59.028943,3042.4,90580.0,199431.0
2025-06-18 11:25:01.295716,3042.4,90580.0,199431.0
2025-06-18 11:25:01.626695,3042.4,92065.0,199019.0
2025-06-18 11:25:02.417549,3042.4,92065.0,199019.0
2025-06-18 11:25:03.549421,3042.4,92065.0,199019.0
2025-06-18 11:25:04.231947,3042.3,92065.0,199019.0
2025-06-18 11:25:05.019068,3042.3,92065.0,199019.0
2025-06-18 11:25:06.227017,3042.0,92065.0,199019.0
2025-06-18 11:25:06.828152,3042.2,90439.0,200371.0
2025-06-18 11:25:08.229272,3042.2,90439.0,200371.0
2025-06-18 11:25:12.230200,3041.3,90439.0,200371.0
2025-06-18 11:25:12.331512,3041.3,88188.0,200880.0
2025-06-18 11:25:14.236704,3040.7,88188.0,200880.0
2025-06-18 11:25:16.229489,3040.3,88188.0,200880.0
2025-06-18 11:25:17.740083,3041.2,86300.0,199633.0
2025-06-18 11:25:18.230249,3041.2,86300.0,199633.0
2025-06-18 11:25:20.231045,3041.1,86300.0,199633.0
2025-06-18 11:25:22.231188,3041.1,86300.0,199633.0
2025-06-18 11:25:23.038257,3041.1,86207.0,199642.0
2025-06-18 11:25:24.241273,3041.4,86207.0,199642.0
2025-06-18 11:25:28.040826,3041.4,86547.0,198984.0
2025-06-18 11:25:30.291551,3041.4,86547.0,198984.0
2025-06-18 11:25:32.942747,3041.4,86380.0,199634.0
2025-06-18 11:25:34.234294,3041.4,86380.0,199634.0
2025-06-18 11:25:36.233938,3040.9,86380.0,199634.0
2025-06-18 11:25:37.241733,3040.9,86380.0,199634.0
2025-06-18 11:25:39.939197,3040.4,86380.0,199634.0
2025-06-18 11:25:41.230979,3040.4,86380.0,199634.0
2025-06-18 11:25:42.746762,3040.4,86397.0,201033.0
2025-06-18 11:25:44.230084,3039.7,86397.0,201033.0
2025-06-18 11:25:45.235570,3040.9,86397.0,201033.0
2025-06-18 11:25:47.665348,3040.5,83490.0,200131.0
2025-06-18 11:25:48.239004,3040.5,83490.0,200131.0
2025-06-18 11:25:52.240720,3040.5,83490.0,200131.0
2025-06-18 11:25:52.951412,3040.5,83015.0,199634.0
2025-06-18 11:25:54.230485,3040.2,83015.0,199634.0
2025-06-18 11:25:55.247513,3040.1,83015.0,199634.0
2025-06-18 11:25:58.165467,3040.2,84225.0,199157.0
2025-06-18 11:25:58.232984,3040.2,84225.0,199157.0
2025-06-18 11:26:01.249509,3040.2,84225.0,199157.0
2025-06-18 11:26:01.452150,3040.8,83589.0,199638.0
2025-06-18 11:26:02.232778,3040.2,83589.0,199638.0
2025-06-18 11:26:02.551485,3040.2,83960.0,199571.0
2025-06-18 11:26:03.231972,3040.2,83960.0,199571.0
2025-06-18 11:26:03.660680,3040.2,84103.0,199533.0
2025-06-18 11:26:04.227310,3040.4,84103.0,199533.0
2025-06-18 11:26:04.755766,3040.4,83656.0,200253.0
2025-06-18 11:26:05.669919,3039.2,83701.0,200281.0
2025-06-18 11:26:06.237605,3039.2,83701.0,200281.0
2025-06-18 11:26:06.666028,3040.4,82683.0,200270.0
2025-06-18 11:26:07.230202,3040.2,82683.0,200270.0
2025-06-18 11:26:07.754667,3040.2,83069.0,199936.0
2025-06-18 11:26:08.236161,3040.2,83069.0,199936.0
2025-06-18 11:26:08.857839,3040.2,83234.0,199897.0
2025-06-18 11:26:09.957529,3040.4,83219.0,200203.0
2025-06-18 11:26:10.256749,3040.4,83219.0,200203.0
2025-06-18 11:26:10.959853,3039.1,82233.0,201771.0
2025-06-18 11:26:11.398321,3039.1,82233.0,201771.0
2025-06-18 11:26:11.962366,3039.5,83235.0,201400.0
2025-06-18 11:26:12.237420,3039.1,83235.0,201400.0
2025-06-18 11:26:13.062481,3039.1,83208.0,201408.0
2025-06-18 11:26:14.174174,3039.5,83011.0,201455.0
2025-06-18 11:26:14.227784,3039.5,83011.0,201455.0
2025-06-18 11:26:15.177459,3039.5,83215.0,201195.0
2025-06-18 11:26:16.178099,3039.5,83424.0,201250.0
2025-06-18 11:26:17.176421,3039.5,83286.0,201446.0
2025-06-18 11:26:18.238302,3039.5,83320.0,201369.0
2025-06-18 11:26:18.240642,3039.5,83320.0,201369.0
2025-06-18 11:26:19.177921,3039.5,83163.0,201360.0
2025-06-18 11:26:19.239977,3039.5,83163.0,201360.0
2025-06-18 11:26:20.067757,3039.5,82166.0,201741.0
2025-06-18 11:26:20.447560,3039.5,82166.0,201741.0
2025-06-18 11:26:21.287059,3039.1,82724.0,201656.0
2025-06-18 11:26:21.288903,3039.1,82724.0,201656.0
2025-06-18 11:26:22.176339,3039.1,83195.0,201943.0
2025-06-18 11:26:23.180490,3039.1,83058.0,201283.0
2025-06-18 11:26:23.237937,3039.1,83058.0,201283.0
2025-06-18 11:26:24.230491,3039.1,83058.0,201283.0
2025-06-18 11:26:24.267060,3039.1,82992.0,201795.0
2025-06-18 11:26:25.271871,3039.6,83108.0,201671.0
2025-06-18 11:26:25.272891,3039.6,83108.0,201671.0
2025-06-18 11:26:26.179109,3039.6,82939.0,201207.0
2025-06-18 11:26:27.210342,3039.5,83188.0,201350.0
2025-06-18 11:26:27.233872,3039.5,83188.0,201350.0
2025-06-18 11:26:28.184918,3039.1,83351.0,200899.0
2025-06-18 11:26:28.234926,3039.1,83351.0,200899.0
2025-06-18 11:26:29.251852,3039.1,83226.0,200990.0
2025-06-18 11:26:30.069596,3039.1,81942.0,201602.0
2025-06-18 11:26:30.231933,3039.1,81942.0,201602.0
2025-06-18 11:26:31.071519,3039.3,82070.0,201394.0
2025-06-18 11:26:31.232865,3039.3,82070.0,201394.0
2025-06-18 11:26:32.070639,3039.3,82205.0,201118.0
2025-06-18 11:26:33.075226,3039.3,82215.0,201044.0
2025-06-18 11:26:34.072967,3039.3,82183.0,201118.0
2025-06-18 11:26:35.075373,3039.3,82194.0,201118.0
2025-06-18 11:26:36.188677,3039.2,82190.0,201115.0
2025-06-18 11:26:36.236595,3039.2,82190.0,201115.0
2025-06-18 11:26:37.244463,3039.3,82190.0,201115.0
2025-06-18 11:26:37.277953,3039.3,82536.0,201194.0
2025-06-18 11:26:38.276601,3039.3,83067.0,200960.0
2025-06-18 11:26:39.238911,3039.6,83067.0,200960.0
2025-06-18 11:26:39.277884,3039.6,83294.0,198972.0
2025-06-18 11:26:40.275610,3039.6,83531.0,199053.0
2025-06-18 11:26:41.235985,3040.0,83531.0,199053.0
2025-06-18 11:26:41.282979,3040.0,83323.0,199172.0
2025-06-18 11:26:42.230683,3040.4,83323.0,199172.0
2025-06-18 11:26:42.376234,3040.4,83976.0,199194.0
2025-06-18 11:26:43.232389,3040.4,83976.0,199194.0
2025-06-18 11:26:43.477091,3040.4,83902.0,199203.0
2025-06-18 11:26:44.253850,3039.7,83902.0,199203.0
2025-06-18 11:26:44.480069,3039.7,83064.0,199732.0
2025-06-18 11:26:45.229345,3039.6,83064.0,199732.0
2025-06-18 11:26:45.577002,3039.6,83235.0,199943.0
2025-06-18 11:26:46.233650,3039.6,83235.0,199943.0
2025-06-18 11:26:46.691724,3039.6,82323.0,199987.0
2025-06-18 11:26:47.778249,3039.6,83187.0,199709.0
2025-06-18 11:26:48.231941,3039.3,83187.0,199709.0
2025-06-18 11:26:48.881055,3039.3,83419.0,199902.0
2025-06-18 11:26:49.881478,3039.2,82529.0,200487.0
2025-06-18 11:26:50.228067,3039.2,82529.0,200487.0
2025-06-18 11:26:50.980965,3039.2,82609.0,200560.0
2025-06-18 11:26:52.090417,3039.2,82714.0,200586.0
2025-06-18 11:26:53.195519,3039.2,82888.0,200555.0
2025-06-18 11:26:54.249361,3039.6,82888.0,200555.0
2025-06-18 11:26:54.285310,3039.6,82720.0,200330.0
2025-06-18 11:26:55.201387,3039.6,82929.0,200338.0
2025-06-18 11:26:55.234410,3039.6,82929.0,200338.0
2025-06-18 11:26:56.289179,3039.6,82697.0,200400.0
2025-06-18 11:26:57.387779,3039.6,82896.0,200400.0
2025-06-18 11:26:58.246882,3039.8,82896.0,200400.0
2025-06-18 11:26:58.389862,3039.3,82411.0,199915.0
2025-06-18 11:26:59.233960,3039.3,82411.0,199915.0
2025-06-18 11:26:59.390843,3039.3,81864.0,199965.0
2025-06-18 11:27:00.291636,3039.3,82560.0,200092.0
2025-06-18 11:27:01.233608,3038.6,82560.0,200092.0
2025-06-18 11:27:01.594611,3038.6,82066.0,201527.0
2025-06-18 11:27:02.595259,3038.6,82103.0,201345.0
2025-06-18 11:27:03.625661,3038.6,81398.0,201353.0
2025-06-18 11:27:04.250823,3039.1,81398.0,201353.0
2025-06-18 11:27:04.621868,3039.1,82179.0,200955.0
2025-06-18 11:27:05.595768,3039.1,82258.0,201151.0
2025-06-18 11:27:06.262810,3039.0,82258.0,201151.0
2025-06-18 11:27:06.731380,3039.1,82550.0,201151.0
