timestamp,ltp,bid_qty,ask_qty
2025-06-18 11:01:36.663923,2344.2,53770.0,79216.0
2025-06-18 11:01:37.538748,2344.2,53666.0,79292.0
2025-06-18 11:01:39.135356,2344.2,53666.0,79292.0
2025-06-18 11:01:41.137189,2344.2,53666.0,79292.0
2025-06-18 11:01:42.542856,2344.2,53667.0,79343.0
2025-06-18 11:01:43.133771,2344.2,53667.0,79343.0
2025-06-18 11:01:47.144494,2344.3,53667.0,79343.0
2025-06-18 11:01:47.745619,2344.3,54297.0,78809.0
2025-06-18 11:01:49.175705,2344.3,54297.0,78809.0
2025-06-18 11:01:53.139757,2344.3,54297.0,78809.0
2025-06-18 11:01:53.348996,2344.3,54313.0,78866.0
2025-06-18 11:01:55.148525,2344.2,54313.0,78866.0
2025-06-18 11:01:57.147364,2344.2,54313.0,78866.0
2025-06-18 11:01:58.852847,2344.2,54217.0,78897.0
2025-06-18 11:02:01.141641,2344.2,54217.0,78897.0
2025-06-18 11:02:05.163514,2344.2,54217.0,78982.0
2025-06-18 11:02:09.139386,2344.2,54217.0,78982.0
2025-06-18 11:02:09.260793,2344.2,54206.0,79021.0
2025-06-18 11:02:11.144076,2344.2,54206.0,79021.0
2025-06-18 11:02:15.164270,2344.2,54178.0,78917.0
2025-06-18 11:02:17.147084,2344.2,54178.0,78917.0
2025-06-18 11:02:19.137719,2344.2,54178.0,78917.0
2025-06-18 11:02:19.981168,2344.2,54180.0,78843.0
2025-06-18 11:02:25.074035,2344.3,54171.0,78859.0
2025-06-18 11:02:25.141463,2344.3,54171.0,78859.0
2025-06-18 11:02:30.075125,2344.3,54214.0,78744.0
2025-06-18 11:02:35.152365,2344.2,54214.0,78744.0
2025-06-18 11:02:35.487615,2344.2,54400.0,78919.0
2025-06-18 11:02:37.148249,2344.2,54400.0,78919.0
2025-06-18 11:02:39.147200,2344.2,54400.0,78919.0
2025-06-18 11:02:40.884904,2344.2,54530.0,77519.0
2025-06-18 11:02:41.141719,2344.9,54530.0,77519.0
2025-06-18 11:02:43.149245,2344.9,54530.0,77519.0
2025-06-18 11:02:46.085115,2344.9,54486.0,77354.0
2025-06-18 11:02:47.153721,2344.9,54486.0,77354.0
2025-06-18 11:02:51.229701,2344.2,54486.0,77354.0
2025-06-18 11:02:51.291083,2344.2,54597.0,77371.0
2025-06-18 11:02:55.148041,2344.2,54597.0,77371.0
2025-06-18 11:02:56.593771,2344.2,54244.0,77011.0
2025-06-18 11:02:57.153125,2344.2,54244.0,77011.0
2025-06-18 11:03:01.697244,2344.2,54421.0,77479.0
2025-06-18 11:03:05.144523,2344.2,54421.0,77479.0
2025-06-18 11:03:07.146621,2344.6,54421.0,77479.0
2025-06-18 11:03:07.203640,2344.6,54233.0,76876.0
2025-06-18 11:03:11.151576,2344.2,54233.0,76876.0
2025-06-18 11:03:12.402928,2344.2,54181.0,77284.0
2025-06-18 11:03:15.144169,2344.2,54181.0,77284.0
2025-06-18 11:03:17.151339,2344.2,54181.0,77284.0
2025-06-18 11:03:17.604426,2344.2,54077.0,77520.0
2025-06-18 11:03:21.208565,2344.2,54077.0,77520.0
2025-06-18 11:03:22.809482,2344.2,54731.0,77614.0
2025-06-18 11:03:23.153814,2344.5,54731.0,77614.0
2025-06-18 11:03:25.148486,2344.2,54731.0,77614.0
2025-06-18 11:03:28.110737,2344.2,54451.0,75335.0
2025-06-18 11:03:29.151922,2344.9,54451.0,75335.0
2025-06-18 11:03:31.156016,2344.2,54451.0,75335.0
2025-06-18 11:03:33.149578,2344.2,54451.0,75335.0
2025-06-18 11:03:33.519672,2344.2,54055.0,78222.0
2025-06-18 11:03:37.154794,2344.7,54055.0,78222.0
2025-06-18 11:03:39.020039,2344.7,53934.0,78022.0
2025-06-18 11:03:43.158314,2344.2,53934.0,78022.0
2025-06-18 11:03:44.125274,2344.1,54035.0,77868.0
2025-06-18 11:03:45.168633,2344.1,54035.0,77868.0
2025-06-18 11:03:46.022888,2344.1,54035.0,77868.0
2025-06-18 11:03:47.071810,2344.1,54035.0,77868.0
2025-06-18 11:03:47.174900,2344.7,54035.0,77868.0
2025-06-18 11:03:47.991072,2344.7,54035.0,77868.0
2025-06-18 11:03:48.890540,2344.7,54035.0,77868.0
2025-06-18 11:03:48.926507,2344.1,53379.0,78636.0
2025-06-18 11:03:49.162690,2344.1,53379.0,78636.0
2025-06-18 11:03:49.745002,2344.1,53379.0,78636.0
2025-06-18 11:03:50.552086,2344.1,53379.0,78636.0
2025-06-18 11:03:51.170190,2343.6,53379.0,78636.0
2025-06-18 11:03:51.587712,2343.6,53379.0,78636.0
2025-06-18 11:03:52.197791,2343.6,53379.0,78636.0
2025-06-18 11:03:53.068512,2343.6,53379.0,78636.0
2025-06-18 11:03:53.726577,2343.6,52992.0,79354.0
2025-06-18 11:03:54.449855,2343.6,52992.0,79354.0
2025-06-18 11:03:55.169466,2344.0,52992.0,79354.0
2025-06-18 11:03:55.720378,2344.0,52992.0,79354.0
2025-06-18 11:03:56.581467,2344.0,52992.0,79354.0
2025-06-18 11:04:00.451658,2344.0,52992.0,79354.0
2025-06-18 11:04:00.466956,2344.0,52992.0,79354.0
2025-06-18 11:04:00.510474,2344.0,52737.0,79087.0
2025-06-18 11:04:00.514703,2344.0,52737.0,79087.0
2025-06-18 11:04:00.551166,2344.0,52737.0,79087.0
2025-06-18 11:04:01.175839,2343.5,52737.0,79087.0
2025-06-18 11:04:01.918323,2343.5,52737.0,79087.0
2025-06-18 11:04:04.033954,2343.5,52985.0,78408.0
2025-06-18 11:04:05.196657,2343.8,52985.0,78408.0
2025-06-18 11:04:07.179712,2343.6,52985.0,78408.0
2025-06-18 11:04:09.139820,2343.6,52753.0,78676.0
2025-06-18 11:04:09.156956,2343.6,52753.0,78676.0
2025-06-18 11:04:14.147801,2343.6,52724.0,79059.0
2025-06-18 11:04:19.554386,2343.6,52642.0,81315.0
2025-06-18 11:04:24.757480,2343.6,52939.0,81267.0
2025-06-18 11:04:25.158829,2343.6,52939.0,81267.0
2025-06-18 11:04:29.156385,2343.6,52939.0,81267.0
2025-06-18 11:04:29.862655,2343.6,52753.0,81052.0
2025-06-18 11:04:34.864334,2343.6,52946.0,80861.0
2025-06-18 11:04:39.163105,2343.6,52946.0,80861.0
2025-06-18 11:04:39.770636,2343.6,52927.0,80889.0
2025-06-18 11:04:43.168341,2343.1,52927.0,80889.0
2025-06-18 11:04:44.769615,2343.4,53280.0,81583.0
2025-06-18 11:04:45.198325,2343.4,53280.0,81583.0
2025-06-18 11:04:47.169940,2343.3,53280.0,81583.0
2025-06-18 11:04:49.670870,2343.3,53573.0,81451.0
2025-06-18 11:04:53.156748,2343.2,53573.0,81451.0
2025-06-18 11:04:54.524026,2343.1,53556.0,81689.0
2025-06-18 11:04:55.162648,2343.1,53556.0,81689.0
2025-06-18 11:04:57.211017,2343.1,53556.0,81689.0
2025-06-18 11:04:59.183998,2343.1,53553.0,81596.0
2025-06-18 11:05:05.173318,2343.1,53554.0,81601.0
2025-06-18 11:05:07.389073,2343.0,53554.0,81601.0
2025-06-18 11:05:08.680687,2343.0,53141.0,81271.0
2025-06-18 11:05:09.189750,2343.0,53141.0,81271.0
2025-06-18 11:05:13.158278,2343.0,53141.0,81271.0
2025-06-18 11:05:14.079789,2343.0,53051.0,81311.0
2025-06-18 11:05:15.162134,2343.7,53051.0,81311.0
2025-06-18 11:05:17.168021,2343.0,53051.0,81311.0
2025-06-18 11:05:19.586359,2343.0,53679.0,81667.0
2025-06-18 11:05:21.185944,2343.6,53679.0,81667.0
2025-06-18 11:05:24.502779,2343.0,53133.0,81358.0
2025-06-18 11:05:25.155938,2343.0,53133.0,81358.0
2025-06-18 11:05:29.165320,2343.3,53133.0,81358.0
2025-06-18 11:05:29.391465,2343.3,54014.0,81379.0
2025-06-18 11:05:31.164176,2343.0,54014.0,81379.0
2025-06-18 11:05:35.172864,2343.0,53169.0,79794.0
2025-06-18 11:05:35.212020,2343.2,53169.0,79794.0
2025-06-18 11:05:37.170427,2343.0,53169.0,79794.0
2025-06-18 11:05:40.006738,2343.0,53126.0,81681.0
2025-06-18 11:05:43.163394,2343.0,53126.0,81681.0
2025-06-18 11:05:45.005716,2343.0,53004.0,81719.0
2025-06-18 11:05:45.162780,2343.0,53004.0,81719.0
2025-06-18 11:05:47.188223,2343.0,53004.0,81719.0
2025-06-18 11:05:50.008744,2343.0,53017.0,81833.0
2025-06-18 11:05:51.170082,2343.1,53017.0,81833.0
2025-06-18 11:05:53.161184,2343.0,53017.0,81833.0
2025-06-18 11:05:55.165243,2343.0,53017.0,81833.0
2025-06-18 11:05:55.210917,2343.0,52938.0,81614.0
2025-06-18 11:06:00.113810,2343.0,52945.0,81888.0
2025-06-18 11:06:03.162568,2343.0,52945.0,81888.0
2025-06-18 11:06:04.824953,2343.0,52923.0,82080.0
2025-06-18 11:06:09.167729,2343.2,52923.0,82080.0
2025-06-18 11:06:09.719109,2343.2,52874.0,81772.0
2025-06-18 11:06:11.206830,2343.0,52874.0,81772.0
2025-06-18 11:06:13.190477,2343.1,52874.0,81772.0
2025-06-18 11:06:14.720485,2343.0,52881.0,81964.0
2025-06-18 11:06:15.168086,2343.0,52881.0,81964.0
2025-06-18 11:06:17.167533,2343.0,52881.0,81964.0
2025-06-18 11:06:19.824184,2343.0,52847.0,81999.0
2025-06-18 11:06:21.160775,2343.0,52847.0,81999.0
2025-06-18 11:06:24.727955,2343.0,52848.0,82085.0
2025-06-18 11:06:27.165717,2343.1,52848.0,82085.0
2025-06-18 11:06:29.528949,2343.1,53035.0,82045.0
2025-06-18 11:06:31.191840,2343.1,53035.0,82045.0
2025-06-18 11:06:33.168763,2343.0,53035.0,82045.0
2025-06-18 11:06:34.223816,2343.1,53008.0,82146.0
2025-06-18 11:06:35.188997,2343.0,53008.0,82146.0
2025-06-18 11:06:39.169462,2343.0,53008.0,82146.0
2025-06-18 11:06:41.163753,2342.4,53008.0,82146.0
2025-06-18 11:06:43.169298,2342.5,53008.0,82146.0
2025-06-18 11:06:44.144676,2342.5,51339.0,82317.0
2025-06-18 11:06:45.164180,2342.4,51339.0,82317.0
2025-06-18 11:06:46.757606,2342.4,51339.0,82317.0
2025-06-18 11:06:47.169230,2342.4,51339.0,82317.0
2025-06-18 11:06:47.611877,2342.4,51339.0,82317.0
2025-06-18 11:06:48.550364,2342.4,51339.0,82317.0
2025-06-18 11:06:49.042493,2342.1,51928.0,82821.0
2025-06-18 11:06:49.759991,2342.1,51928.0,82821.0
2025-06-18 11:06:49.765586,2342.1,51928.0,82821.0
2025-06-18 11:06:50.286190,2342.1,51928.0,82821.0
2025-06-18 11:06:51.051728,2342.1,51928.0,82821.0
2025-06-18 11:06:52.036678,2342.1,51928.0,82821.0
2025-06-18 11:06:53.165861,2342.1,51928.0,82821.0
2025-06-18 11:06:53.515007,2342.1,51928.0,82821.0
2025-06-18 11:06:54.046337,2342.1,52015.0,83047.0
2025-06-18 11:06:54.754961,2342.1,52015.0,83047.0
2025-06-18 11:06:56.239391,2342.1,52015.0,83047.0
2025-06-18 11:06:57.103324,2342.1,52015.0,83047.0
2025-06-18 11:06:58.515689,2342.1,52015.0,83047.0
2025-06-18 11:06:58.948006,2342.1,51724.0,83024.0
2025-06-18 11:06:59.666588,2342.1,51724.0,83024.0
2025-06-18 11:07:00.822668,2342.1,51724.0,83024.0
2025-06-18 11:07:01.161720,2342.0,51724.0,83024.0
2025-06-18 11:07:02.284049,2342.0,51724.0,83024.0
2025-06-18 11:07:03.164150,2342.0,51724.0,83024.0
2025-06-18 11:07:05.076220,2342.0,51609.0,82983.0
2025-06-18 11:07:07.162063,2341.7,51609.0,82983.0
2025-06-18 11:07:10.528074,2342.1,51522.0,82961.0
2025-06-18 11:07:10.578689,2341.7,51522.0,82961.0
2025-06-18 11:07:13.178012,2341.9,51522.0,82961.0
2025-06-18 11:07:14.758686,2341.9,51863.0,82460.0
2025-06-18 11:07:16.174764,2341.5,51863.0,82460.0
2025-06-18 11:07:20.061751,2341.5,51986.0,82282.0
2025-06-18 11:07:25.069005,2342.0,52013.0,80288.0
2025-06-18 11:07:25.166782,2342.0,52013.0,80288.0
2025-06-18 11:07:29.900021,2342.0,52415.0,81674.0
2025-06-18 11:07:33.173759,2341.6,52415.0,81674.0
2025-06-18 11:07:34.867946,2341.6,52890.0,82382.0
2025-06-18 11:07:35.164319,2341.2,52890.0,82382.0
2025-06-18 11:07:37.172987,2341.6,52890.0,82382.0
2025-06-18 11:07:39.875692,2341.6,52625.0,82648.0
2025-06-18 11:07:45.173921,2341.2,52625.0,82648.0
2025-06-18 11:07:45.272175,2341.2,53014.0,82538.0
2025-06-18 11:07:47.179667,2341.2,53014.0,82538.0
2025-06-18 11:07:49.173554,2341.4,53014.0,82538.0
2025-06-18 11:07:50.378625,2341.4,53089.0,82527.0
2025-06-18 11:07:55.167520,2341.0,53089.0,82527.0
2025-06-18 11:07:55.374462,2341.0,53221.0,82574.0
2025-06-18 11:07:58.190051,2341.0,53221.0,82574.0
2025-06-18 11:08:00.438039,2341.4,53221.0,82574.0
2025-06-18 11:08:00.481905,2341.0,51101.0,82165.0
2025-06-18 11:08:02.198233,2341.0,51101.0,82165.0
2025-06-18 11:08:04.185495,2341.0,51101.0,82165.0
2025-06-18 11:08:05.785733,2341.4,51870.0,82503.0
2025-06-18 11:08:06.177295,2341.4,51870.0,82503.0
2025-06-18 11:08:08.183353,2341.0,51870.0,82503.0
2025-06-18 11:08:11.094703,2341.0,51644.0,82484.0
2025-06-18 11:08:12.255681,2341.0,51644.0,82484.0
2025-06-18 11:08:14.197268,2341.4,51644.0,82484.0
2025-06-18 11:08:16.199512,2341.0,51644.0,82484.0
2025-06-18 11:08:16.696261,2341.4,51619.0,82628.0
2025-06-18 11:08:20.495972,2341.4,51619.0,82628.0
2025-06-18 11:08:20.567564,2341.4,51619.0,82628.0
2025-06-18 11:08:21.595249,2341.0,51644.0,82719.0
2025-06-18 11:08:22.175374,2341.4,51644.0,82719.0
2025-06-18 11:08:25.171904,2341.1,51644.0,82719.0
2025-06-18 11:08:27.199800,2341.1,53260.0,82494.0
2025-06-18 11:08:30.175231,2341.0,53260.0,82494.0
2025-06-18 11:08:32.176905,2341.0,53260.0,82494.0
2025-06-18 11:08:32.707150,2341.0,53165.0,82792.0
2025-06-18 11:08:36.175052,2341.0,53165.0,82792.0
2025-06-18 11:08:38.034603,2341.0,53149.0,82836.0
2025-06-18 11:08:38.176707,2341.0,53149.0,82836.0
2025-06-18 11:08:40.190831,2341.0,53149.0,82836.0
2025-06-18 11:08:42.183679,2341.2,53149.0,82836.0
2025-06-18 11:08:43.208685,2341.2,53466.0,82887.0
2025-06-18 11:08:44.184924,2341.1,53466.0,82887.0
2025-06-18 11:08:46.203014,2341.1,53466.0,82887.0
2025-06-18 11:08:48.174083,2341.0,53466.0,82887.0
2025-06-18 11:08:48.413080,2341.0,53314.0,82880.0
2025-06-18 11:08:50.171802,2341.0,53314.0,82880.0
2025-06-18 11:08:52.177150,2340.9,53314.0,82880.0
2025-06-18 11:08:53.711465,2341.0,53094.0,82755.0
2025-06-18 11:08:54.177744,2341.0,53094.0,82755.0
2025-06-18 11:08:56.181896,2340.9,53094.0,82755.0
2025-06-18 11:08:58.915543,2340.9,52661.0,82557.0
2025-06-18 11:09:02.210949,2340.8,52661.0,82557.0
2025-06-18 11:09:03.617183,2340.8,51922.0,82754.0
2025-06-18 11:09:06.174576,2340.8,51922.0,82754.0
2025-06-18 11:09:08.175206,2340.7,51922.0,82754.0
2025-06-18 11:09:08.720763,2340.7,51743.0,82509.0
2025-06-18 11:09:10.176099,2340.9,51743.0,82509.0
2025-06-18 11:09:12.170082,2341.0,51743.0,82509.0
2025-06-18 11:09:14.347108,2340.7,51743.0,82509.0
2025-06-18 11:09:14.423613,2340.7,52641.0,82638.0
2025-06-18 11:09:16.170750,2340.7,52641.0,82638.0
2025-06-18 11:09:18.871686,2340.7,52641.0,82638.0
2025-06-18 11:09:20.125564,2340.7,52706.0,82778.0
2025-06-18 11:09:20.197891,2340.7,52706.0,82778.0
2025-06-18 11:09:25.428482,2340.6,52751.0,82295.0
2025-06-18 11:09:26.180973,2340.6,52751.0,82295.0
2025-06-18 11:09:28.178825,2340.6,52751.0,82295.0
2025-06-18 11:09:30.181238,2340.7,52751.0,82295.0
2025-06-18 11:09:30.734061,2340.7,52934.0,80462.0
2025-06-18 11:09:32.181183,2340.7,52934.0,80462.0
2025-06-18 11:09:34.177163,2340.7,52934.0,80462.0
2025-06-18 11:09:36.037603,2340.7,52562.0,82705.0
2025-06-18 11:09:36.174605,2340.7,52562.0,82705.0
2025-06-18 11:09:38.206015,2340.5,52562.0,82705.0
2025-06-18 11:09:41.339564,2340.4,52031.0,83020.0
2025-06-18 11:09:42.181182,2340.7,52031.0,83020.0
2025-06-18 11:09:46.644373,2340.4,52132.0,82854.0
2025-06-18 11:09:47.190975,2340.4,52132.0,82854.0
2025-06-18 11:09:48.176237,2340.7,52132.0,82854.0
2025-06-18 11:09:48.210332,2340.7,52132.0,82854.0
2025-06-18 11:09:49.099469,2340.7,52132.0,82854.0
2025-06-18 11:09:50.021046,2340.7,52132.0,82854.0
2025-06-18 11:09:51.635500,2340.7,52132.0,82854.0
2025-06-18 11:09:51.945144,2340.7,52134.0,82861.0
2025-06-18 11:09:52.176665,2340.4,52134.0,82861.0
2025-06-18 11:09:52.635152,2340.4,52134.0,82861.0
2025-06-18 11:09:53.210553,2340.4,52134.0,82861.0
2025-06-18 11:09:54.088721,2340.4,52134.0,82861.0
2025-06-18 11:09:54.187023,2340.7,52134.0,82861.0
2025-06-18 11:09:54.461118,2340.7,52134.0,82861.0
2025-06-18 11:09:55.372930,2340.7,52134.0,82861.0
2025-06-18 11:09:56.585580,2340.7,52134.0,82861.0
2025-06-18 11:09:57.344109,2340.7,52177.0,82366.0
2025-06-18 11:09:57.561660,2340.7,52177.0,82366.0
2025-06-18 11:09:58.179595,2340.1,52177.0,82366.0
2025-06-18 11:09:58.972501,2340.1,52177.0,82366.0
2025-06-18 11:10:00.118258,2340.1,52177.0,82366.0
2025-06-18 11:10:00.174175,2340.6,52177.0,82366.0
2025-06-18 11:10:01.245714,2340.6,52177.0,82366.0
2025-06-18 11:10:02.177061,2340.1,52177.0,82366.0
2025-06-18 11:10:02.243657,2340.1,52756.0,82801.0
2025-06-18 11:10:02.714806,2340.1,52756.0,82801.0
2025-06-18 11:10:04.173236,2340.5,52756.0,82801.0
2025-06-18 11:10:07.161466,2340.5,53173.0,82824.0
2025-06-18 11:10:09.457439,2340.9,53173.0,82824.0
2025-06-18 11:10:10.188642,2341.8,53173.0,82824.0
2025-06-18 11:10:12.753913,2340.8,53475.0,81480.0
2025-06-18 11:10:14.183644,2340.8,53475.0,81480.0
2025-06-18 11:10:18.157355,2340.7,53226.0,81914.0
2025-06-18 11:10:18.179516,2340.7,53226.0,81914.0
2025-06-18 11:10:20.176631,2340.7,53226.0,81914.0
2025-06-18 11:10:22.178647,2341.3,53226.0,81914.0
2025-06-18 11:10:23.257042,2341.3,53138.0,81839.0
2025-06-18 11:10:24.186530,2341.3,53138.0,81839.0
2025-06-18 11:10:28.860111,2341.0,53851.0,81281.0
2025-06-18 11:10:30.177573,2341.0,53851.0,81281.0
2025-06-18 11:10:33.178333,2341.0,53851.0,81281.0
2025-06-18 11:10:34.269087,2341.0,53834.0,81510.0
2025-06-18 11:10:38.179244,2341.1,53834.0,81510.0
2025-06-18 11:10:39.870897,2341.3,53859.0,81112.0
2025-06-18 11:10:40.177090,2341.3,53859.0,81112.0
2025-06-18 11:10:45.371163,2341.3,54033.0,81212.0
2025-06-18 11:10:48.208868,2341.3,54033.0,81212.0
2025-06-18 11:10:50.180877,2341.0,54033.0,81212.0
2025-06-18 11:10:50.373422,2341.0,53755.0,81108.0
2025-06-18 11:10:54.187133,2341.6,53755.0,81108.0
2025-06-18 11:10:55.580935,2341.6,53724.0,81308.0
2025-06-18 11:10:58.178079,2341.3,53724.0,81308.0
2025-06-18 11:11:00.175495,2341.3,53724.0,81308.0
2025-06-18 11:11:00.885450,2341.6,53690.0,81168.0
2025-06-18 11:11:02.204120,2341.3,53690.0,81168.0
2025-06-18 11:11:04.175317,2341.3,53690.0,81168.0
2025-06-18 11:11:06.195383,2341.3,53973.0,80729.0
2025-06-18 11:11:10.177607,2341.0,53973.0,80729.0
2025-06-18 11:11:11.596350,2341.0,54408.0,80741.0
2025-06-18 11:11:14.195692,2341.3,54408.0,80741.0
2025-06-18 11:11:17.009347,2341.3,54137.0,81300.0
2025-06-18 11:11:20.182840,2341.6,54137.0,81300.0
2025-06-18 11:11:22.102019,2341.3,54043.0,81311.0
2025-06-18 11:11:22.186641,2341.3,54043.0,81311.0
2025-06-18 11:11:24.180115,2341.6,54043.0,81311.0
2025-06-18 11:11:26.183075,2341.1,54043.0,81311.0
2025-06-18 11:11:27.199628,2341.1,54431.0,81810.0
2025-06-18 11:11:28.199581,2341.1,54431.0,81810.0
2025-06-18 11:11:32.185876,2341.1,54431.0,81810.0
2025-06-18 11:11:32.404165,2341.1,54070.0,80851.0
2025-06-18 11:11:36.182111,2341.1,54070.0,80851.0
2025-06-18 11:11:37.309951,2341.1,54077.0,81700.0
2025-06-18 11:11:42.190079,2341.5,54077.0,81700.0
2025-06-18 11:11:42.309363,2341.5,54173.0,81902.0
2025-06-18 11:11:47.540433,2341.6,54298.0,81884.0
2025-06-18 11:11:48.203527,2341.6,54298.0,81884.0
2025-06-18 11:11:52.529141,2341.6,54338.0,81778.0
2025-06-18 11:11:54.198334,2341.3,54338.0,81778.0
2025-06-18 11:11:56.189933,2341.3,54338.0,81778.0
2025-06-18 11:11:57.624407,2341.6,54729.0,81999.0
2025-06-18 11:11:58.420617,2341.6,54729.0,81999.0
2025-06-18 11:12:02.334606,2341.5,54729.0,81999.0
2025-06-18 11:12:02.338892,2341.5,54580.0,79321.0
2025-06-18 11:12:07.129678,2341.5,54503.0,81431.0
2025-06-18 11:12:08.183101,2342.0,54503.0,81431.0
2025-06-18 11:12:10.190583,2341.5,54503.0,81431.0
2025-06-18 11:12:12.138795,2341.8,55257.0,81190.0
2025-06-18 11:12:12.198711,2341.9,55257.0,81190.0
2025-06-18 11:12:14.185219,2341.8,55257.0,81190.0
2025-06-18 11:12:16.182295,2341.8,55257.0,81190.0
2025-06-18 11:12:17.436229,2341.8,55059.0,81330.0
2025-06-18 11:12:22.646411,2341.8,55098.0,81427.0
2025-06-18 11:12:24.186402,2341.5,55098.0,81427.0
2025-06-18 11:12:26.183825,2341.3,55098.0,81427.0
2025-06-18 11:12:27.555282,2341.3,54852.0,81478.0
2025-06-18 11:12:28.181305,2341.9,54852.0,81478.0
2025-06-18 11:12:30.191058,2341.4,54852.0,81478.0
2025-06-18 11:12:32.207964,2341.4,54852.0,81478.0
2025-06-18 11:12:32.656888,2342.0,53592.0,79439.0
2025-06-18 11:12:34.185393,2341.4,53592.0,79439.0
2025-06-18 11:12:36.204331,2341.4,53592.0,79439.0
2025-06-18 11:12:37.956981,2341.4,53786.0,81697.0
2025-06-18 11:12:42.182456,2341.3,53786.0,81697.0
2025-06-18 11:12:43.165810,2341.3,53965.0,81871.0
2025-06-18 11:12:47.560218,2341.3,53965.0,81871.0
2025-06-18 11:12:48.060979,2341.3,54222.0,81977.0
2025-06-18 11:12:48.184599,2341.3,54222.0,81977.0
2025-06-18 11:12:48.624772,2341.3,54222.0,81977.0
2025-06-18 11:12:49.531492,2341.3,54222.0,81977.0
2025-06-18 11:12:50.457510,2341.3,54222.0,81977.0
2025-06-18 11:12:51.313301,2341.3,54222.0,81977.0
2025-06-18 11:12:52.077445,2341.3,54222.0,81977.0
2025-06-18 11:12:52.182868,2341.8,54222.0,81977.0
2025-06-18 11:12:53.071302,2341.8,54222.0,81977.0
2025-06-18 11:12:53.566055,2341.8,54832.0,81863.0
2025-06-18 11:12:53.631581,2341.8,54832.0,81863.0
2025-06-18 11:12:54.039334,2341.8,54832.0,81863.0
2025-06-18 11:12:55.762656,2341.8,54832.0,81863.0
2025-06-18 11:12:56.184936,2341.4,54832.0,81863.0
2025-06-18 11:12:57.007194,2341.4,54832.0,81863.0
2025-06-18 11:12:57.882155,2341.4,54832.0,81863.0
2025-06-18 11:12:59.179456,2341.6,55066.0,79879.0
2025-06-18 11:12:59.286426,2341.6,55066.0,79879.0
2025-06-18 11:13:00.193683,2341.6,55066.0,79879.0
2025-06-18 11:13:00.399394,2341.6,55066.0,79879.0
2025-06-18 11:13:01.571776,2341.6,55066.0,79879.0
2025-06-18 11:13:02.174731,2341.6,54569.0,81682.0
2025-06-18 11:13:03.032459,2341.6,54569.0,81682.0
2025-06-18 11:13:03.271222,2341.6,54592.0,81609.0
2025-06-18 11:13:04.184356,2341.8,54592.0,81609.0
2025-06-18 11:13:05.184364,2341.8,54592.0,81609.0
2025-06-18 11:13:05.374460,2341.8,55269.0,81497.0
2025-06-18 11:13:06.376204,2341.8,55104.0,80912.0
2025-06-18 11:13:07.475953,2341.8,55038.0,81600.0
2025-06-18 11:13:08.181750,2341.8,55038.0,81600.0
2025-06-18 11:13:08.478444,2341.8,55447.0,81599.0
2025-06-18 11:13:09.478406,2341.8,54838.0,81604.0
2025-06-18 11:13:10.183024,2342.0,54838.0,81604.0
2025-06-18 11:13:10.477148,2342.0,55745.0,81446.0
2025-06-18 11:13:11.185610,2342.0,55745.0,81446.0
2025-06-18 11:13:11.484393,2342.0,55744.0,81456.0
2025-06-18 11:13:12.477659,2342.0,55709.0,81462.0
2025-06-18 11:13:13.185181,2341.9,55709.0,81462.0
2025-06-18 11:13:13.481417,2341.9,55648.0,81432.0
2025-06-18 11:13:14.184020,2342.0,55648.0,81432.0
2025-06-18 11:13:14.579697,2342.1,55148.0,81067.0
2025-06-18 11:13:15.189615,2342.1,55148.0,81067.0
2025-06-18 11:13:15.683917,2342.1,55101.0,81171.0
2025-06-18 11:13:16.878602,2342.1,55071.0,81393.0
2025-06-18 11:13:17.779815,2342.1,55122.0,81749.0
2025-06-18 11:13:18.189541,2342.1,55122.0,81749.0
2025-06-18 11:13:18.784906,2342.1,55122.0,81854.0
2025-06-18 11:13:19.881593,2342.1,55128.0,81854.0
2025-06-18 11:13:20.880895,2342.3,55108.0,81677.0
2025-06-18 11:13:21.183263,2342.3,55108.0,81677.0
2025-06-18 11:13:21.983254,2342.3,55019.0,81652.0
2025-06-18 11:13:22.184868,2342.3,55019.0,81652.0
2025-06-18 11:13:22.884312,2342.3,55109.0,81743.0
2025-06-18 11:13:23.183788,2341.8,55109.0,81743.0
2025-06-18 11:13:23.883639,2342.1,54750.0,79999.0
2025-06-18 11:13:24.187281,2342.1,54750.0,79999.0
2025-06-18 11:13:24.788723,2342.1,54962.0,81274.0
2025-06-18 11:13:25.788130,2342.1,54908.0,81258.0
2025-06-18 11:13:26.789492,2342.1,55357.0,81802.0
2025-06-18 11:13:27.790008,2342.1,55364.0,81827.0
2025-06-18 11:13:28.885897,2342.1,55328.0,81857.0
2025-06-18 11:13:29.894633,2342.1,55343.0,81930.0
2025-06-18 11:13:30.189449,2341.8,55343.0,81930.0
2025-06-18 11:13:30.996227,2341.8,54103.0,82517.0
2025-06-18 11:13:31.991308,2341.8,54106.0,82524.0
2025-06-18 11:13:32.184314,2341.8,54106.0,82524.0
2025-06-18 11:13:32.992158,2342.0,54022.0,81996.0
2025-06-18 11:13:33.191425,2342.0,54022.0,81996.0
2025-06-18 11:13:34.093546,2342.0,53950.0,82213.0
2025-06-18 11:13:35.199329,2342.0,53878.0,82208.0
2025-06-18 11:13:36.194681,2342.0,53889.0,82220.0
2025-06-18 11:13:37.691909,2342.0,53886.0,82222.0
2025-06-18 11:13:38.184762,2342.0,53886.0,82222.0
2025-06-18 11:13:38.694026,2342.0,53883.0,82208.0
2025-06-18 11:13:39.694206,2342.0,53836.0,82235.0
2025-06-18 11:13:40.794668,2342.0,53853.0,82218.0
2025-06-18 11:13:41.189254,2342.0,53853.0,82218.0
2025-06-18 11:13:41.895820,2342.0,53944.0,82247.0
2025-06-18 11:13:42.188668,2342.0,53944.0,82247.0
2025-06-18 11:13:42.897125,2342.0,53934.0,82315.0
2025-06-18 11:13:43.189437,2342.0,53934.0,82315.0
2025-06-18 11:13:43.897255,2342.0,53993.0,82292.0
2025-06-18 11:13:44.897520,2342.0,53927.0,82230.0
2025-06-18 11:13:45.897997,2342.0,53917.0,82088.0
2025-06-18 11:13:46.898296,2342.0,53949.0,82122.0
2025-06-18 11:13:47.194890,2342.0,53949.0,82122.0
2025-06-18 11:13:47.897357,2342.0,53954.0,82123.0
2025-06-18 11:13:48.898645,2342.0,53954.0,82110.0
2025-06-18 11:13:50.000048,2342.0,53944.0,82125.0
2025-06-18 11:13:51.099042,2342.0,53957.0,82129.0
2025-06-18 11:13:52.004735,2342.0,53970.0,82119.0
2025-06-18 11:13:53.098683,2342.0,54521.0,81407.0
2025-06-18 11:13:54.101522,2342.0,54378.0,81667.0
2025-06-18 11:13:55.097774,2342.0,54424.0,81779.0
2025-06-18 11:13:56.100921,2342.0,54424.0,81798.0
2025-06-18 11:13:57.103913,2342.0,54442.0,81799.0
2025-06-18 11:13:58.007785,2342.0,54555.0,81684.0
2025-06-18 11:13:59.103002,2342.0,54499.0,81986.0
2025-06-18 11:14:00.187595,2342.1,54499.0,81986.0
2025-06-18 11:14:00.208342,2342.1,54017.0,81486.0
2025-06-18 11:14:02.190027,2342.8,54017.0,81486.0
2025-06-18 11:14:04.011932,2342.8,54429.0,81643.0
2025-06-18 11:14:09.018093,2342.8,54676.0,81534.0
2025-06-18 11:14:12.189771,2342.1,54676.0,81534.0
2025-06-18 11:14:14.022887,2342.1,54825.0,81815.0
2025-06-18 11:14:14.193352,2342.1,54825.0,81815.0
2025-06-18 11:14:18.194167,2342.1,54825.0,81815.0
2025-06-18 11:14:19.032358,2342.1,54856.0,81859.0
2025-06-18 11:14:23.620613,2342.1,54663.0,81550.0
2025-06-18 11:14:29.037069,2342.1,55007.0,81564.0
2025-06-18 11:14:32.194825,2342.1,55007.0,81564.0
2025-06-18 11:14:34.326999,2342.1,55910.0,81091.0
2025-06-18 11:14:36.195043,2342.1,55910.0,81091.0
2025-06-18 11:14:38.194430,2342.3,55910.0,81091.0
2025-06-18 11:14:39.431254,2342.3,55974.0,81174.0
2025-06-18 11:14:44.546715,2342.3,56144.0,81286.0
2025-06-18 11:14:46.195315,2342.1,56144.0,81286.0
2025-06-18 11:14:48.196769,2342.1,56144.0,81286.0
2025-06-18 11:14:50.052419,2342.1,56089.0,81310.0
2025-06-18 11:14:52.214549,2342.2,56089.0,81310.0
2025-06-18 11:14:54.191962,2342.3,56089.0,81310.0
2025-06-18 11:14:55.649521,2342.3,56542.0,80770.0
2025-06-18 11:15:00.192291,2342.2,56542.0,80770.0
2025-06-18 11:15:01.056051,2342.2,56025.0,81175.0
2025-06-18 11:15:02.197941,2342.3,56025.0,81175.0
2025-06-18 11:15:04.194912,2343.0,56025.0,81175.0
2025-06-18 11:15:06.952067,2343.0,55792.0,79022.0
2025-06-18 11:15:08.193647,2342.7,55792.0,79022.0
2025-06-18 11:15:11.455310,2342.7,56635.0,81048.0
2025-06-18 11:15:16.203693,2342.6,56635.0,81048.0
2025-06-18 11:15:16.460710,2342.6,56622.0,81125.0
2025-06-18 11:15:20.198954,2342.7,56622.0,81125.0
2025-06-18 11:15:21.462042,2342.8,56218.0,80597.0
2025-06-18 11:15:22.196897,2342.8,56218.0,80597.0
2025-06-18 11:15:26.198596,2343.0,56218.0,80597.0
2025-06-18 11:15:26.464984,2343.0,56693.0,81721.0
2025-06-18 11:15:30.197049,2343.0,56693.0,81721.0
2025-06-18 11:15:32.168075,2343.0,56058.0,81390.0
2025-06-18 11:15:32.197935,2343.0,56058.0,81390.0
2025-06-18 11:15:36.196316,2343.0,56058.0,81390.0
2025-06-18 11:15:37.575756,2343.0,56162.0,80878.0
2025-06-18 11:15:38.211966,2343.0,56162.0,80878.0
2025-06-18 11:15:42.779130,2343.0,56159.0,80825.0
2025-06-18 11:15:46.215572,2343.0,56159.0,80825.0
2025-06-18 11:15:47.980457,2342.4,56170.0,80710.0
2025-06-18 11:15:48.066612,2342.4,56170.0,80710.0
2025-06-18 11:15:48.200104,2342.4,56170.0,80710.0
2025-06-18 11:15:49.092195,2342.4,56170.0,80710.0
2025-06-18 11:15:50.200964,2342.5,56170.0,80710.0
2025-06-18 11:15:50.935094,2342.5,56170.0,80710.0
2025-06-18 11:15:51.775476,2342.5,56170.0,80710.0
2025-06-18 11:15:52.576505,2342.5,56170.0,80710.0
2025-06-18 11:15:53.483718,2342.5,55972.0,80633.0
2025-06-18 11:15:53.585319,2342.5,55972.0,80633.0
2025-06-18 11:15:54.133840,2342.5,55972.0,80633.0
2025-06-18 11:15:55.028518,2342.5,55972.0,80633.0
2025-06-18 11:15:56.201886,2342.5,55972.0,80633.0
2025-06-18 11:15:56.289346,2342.5,55972.0,80633.0
2025-06-18 11:15:57.552678,2342.5,55972.0,80633.0
2025-06-18 11:15:58.407734,2342.5,55972.0,80633.0
2025-06-18 11:15:58.688991,2342.5,55556.0,81188.0
2025-06-18 11:16:00.106013,2342.5,55556.0,81188.0
2025-06-18 11:16:01.247433,2342.5,55556.0,81188.0
2025-06-18 11:16:02.202091,2342.4,55556.0,81188.0
2025-06-18 11:16:02.398224,2342.4,55556.0,81188.0
2025-06-18 11:16:03.864182,2342.4,55556.0,81188.0
2025-06-18 11:16:04.090667,2342.8,55667.0,79210.0
2025-06-18 11:16:04.198785,2342.8,55667.0,79210.0
2025-06-18 11:16:09.393376,2342.8,57162.0,80998.0
2025-06-18 11:16:14.796884,2342.8,55615.0,81357.0
2025-06-18 11:16:18.206787,2342.6,55615.0,81357.0
2025-06-18 11:16:20.099152,2342.8,55749.0,81286.0
2025-06-18 11:16:20.206900,2342.8,55749.0,81286.0
2025-06-18 11:16:25.104893,2342.8,55664.0,81369.0
2025-06-18 11:16:30.008461,2342.8,55467.0,81286.0
2025-06-18 11:16:30.230384,2342.8,55467.0,81286.0
2025-06-18 11:16:32.205921,2342.6,55467.0,81286.0
2025-06-18 11:16:34.216526,2342.8,55467.0,81286.0
2025-06-18 11:16:35.214025,2342.8,55485.0,81573.0
2025-06-18 11:16:36.334845,2342.8,55485.0,81573.0
2025-06-18 11:16:38.237638,2342.6,55485.0,81573.0
2025-06-18 11:16:40.614153,2342.6,55334.0,81484.0
2025-06-18 11:16:45.716140,2342.6,55561.0,81228.0
2025-06-18 11:16:48.219633,2342.7,55561.0,81228.0
2025-06-18 11:16:50.720223,2342.7,55356.0,81206.0
2025-06-18 11:16:54.206232,2342.6,55356.0,81206.0
2025-06-18 11:16:55.824334,2342.7,54617.0,82068.0
2025-06-18 11:16:56.208363,2342.6,54617.0,82068.0
2025-06-18 11:17:00.451243,2342.2,54617.0,82068.0
2025-06-18 11:17:01.125470,2342.2,54393.0,82972.0
2025-06-18 11:17:02.211526,2342.1,54393.0,82972.0
2025-06-18 11:17:04.213336,2341.3,54393.0,82972.0
2025-06-18 11:17:06.131910,2341.3,54447.0,82515.0
2025-06-18 11:17:08.207675,2341.3,54447.0,82515.0
2025-06-18 11:17:10.212784,2341.3,54447.0,82515.0
2025-06-18 11:17:11.230640,2341.3,54042.0,81880.0
2025-06-18 11:17:12.212116,2342.0,54042.0,81880.0
2025-06-18 11:17:16.334259,2342.0,54061.0,82589.0
2025-06-18 11:17:20.212945,2341.9,54061.0,82589.0
2025-06-18 11:17:21.537039,2341.9,54161.0,82561.0
2025-06-18 11:17:22.211830,2341.9,54161.0,82561.0
2025-06-18 11:17:24.210678,2341.8,54161.0,82561.0
2025-06-18 11:17:26.744778,2341.8,54791.0,82671.0
2025-06-18 11:17:30.211220,2341.0,54791.0,82671.0
2025-06-18 11:17:31.844722,2341.0,55084.0,82825.0
2025-06-18 11:17:32.211954,2341.0,55084.0,82825.0
2025-06-18 11:17:36.750984,2341.0,55075.0,82871.0
2025-06-18 11:17:40.213088,2341.0,55075.0,82871.0
2025-06-18 11:17:41.951157,2341.0,53496.0,83574.0
2025-06-18 11:17:44.211234,2341.0,53496.0,83574.0
2025-06-18 11:17:46.216631,2341.0,53496.0,83574.0
2025-06-18 11:17:46.856677,2341.0,53314.0,84057.0
2025-06-18 11:17:48.212104,2341.0,53314.0,84057.0
2025-06-18 11:17:50.216115,2341.1,53314.0,84057.0
2025-06-18 11:17:51.558065,2341.1,53506.0,83913.0
2025-06-18 11:17:56.262492,2341.1,53623.0,83877.0
2025-06-18 11:18:00.238302,2341.1,53623.0,83877.0
2025-06-18 11:18:00.763483,2341.1,53529.0,83662.0
2025-06-18 11:18:02.246342,2341.0,53529.0,83662.0
2025-06-18 11:18:05.679671,2341.0,53631.0,83453.0
2025-06-18 11:18:10.517429,2341.0,52561.0,83721.0
2025-06-18 11:18:13.240317,2340.9,52561.0,83721.0
2025-06-18 11:18:15.973081,2340.9,53851.0,83926.0
2025-06-18 11:18:19.213894,2340.9,53851.0,83926.0
2025-06-18 11:18:21.266029,2340.9,53851.0,83926.0
2025-06-18 11:18:21.877856,2340.9,53940.0,83736.0
2025-06-18 11:18:25.213348,2340.8,53940.0,83736.0
2025-06-18 11:18:27.182105,2340.8,53304.0,82131.0
2025-06-18 11:18:27.210238,2340.8,53304.0,82131.0
2025-06-18 11:18:29.227650,2340.9,53304.0,82131.0
2025-06-18 11:18:32.284864,2340.5,53320.0,83960.0
2025-06-18 11:18:33.240953,2340.5,53320.0,83960.0
2025-06-18 11:18:37.288013,2340.5,53210.0,83916.0
2025-06-18 11:18:39.208818,2340.3,53210.0,83916.0
2025-06-18 11:18:42.388074,2340.8,51804.0,84236.0
2025-06-18 11:18:43.215594,2340.8,51804.0,84236.0
2025-06-18 11:18:47.193518,2340.3,52557.0,84453.0
2025-06-18 11:18:47.232492,2340.3,52557.0,84453.0
2025-06-18 11:18:48.472443,2340.3,52557.0,84453.0
2025-06-18 11:18:49.548663,2340.3,52557.0,84453.0
2025-06-18 11:18:50.468645,2340.3,52557.0,84453.0
2025-06-18 11:18:51.401149,2340.3,52557.0,84453.0
2025-06-18 11:18:51.789280,2340.3,53462.0,83349.0
2025-06-18 11:18:52.285912,2340.3,53462.0,83349.0
2025-06-18 11:18:53.035235,2340.3,53462.0,83349.0
2025-06-18 11:18:53.213207,2340.8,53462.0,83349.0
2025-06-18 11:18:54.064312,2340.8,53462.0,83349.0
2025-06-18 11:18:55.031761,2340.8,53462.0,83349.0
2025-06-18 11:18:56.494175,2340.8,53271.0,83137.0
2025-06-18 11:18:56.785038,2340.8,53271.0,83137.0
2025-06-18 11:18:57.213832,2340.8,53271.0,83137.0
2025-06-18 11:18:58.028677,2340.8,53271.0,83137.0
2025-06-18 11:18:59.213264,2340.3,53271.0,83137.0
2025-06-18 11:19:00.281600,2340.3,53271.0,83137.0
2025-06-18 11:19:01.204071,2340.6,54541.0,82452.0
2025-06-18 11:19:01.216232,2340.6,54541.0,82452.0
2025-06-18 11:19:01.561404,2340.6,54541.0,82452.0
2025-06-18 11:19:02.709586,2340.6,54541.0,82452.0
2025-06-18 11:19:03.216315,2340.9,54541.0,82452.0
2025-06-18 11:19:04.184008,2340.9,54541.0,82452.0
2025-06-18 11:19:05.217450,2340.9,54541.0,82452.0
2025-06-18 11:19:06.698416,2340.9,54697.0,82434.0
2025-06-18 11:19:11.213519,2341.5,54697.0,82434.0
2025-06-18 11:19:11.903374,2341.5,55004.0,81955.0
2025-06-18 11:19:17.010611,2340.9,54912.0,82229.0
2025-06-18 11:19:17.219514,2340.9,54912.0,82229.0
2025-06-18 11:19:22.311480,2340.6,53327.0,83847.0
2025-06-18 11:19:23.217303,2340.6,53327.0,83847.0
2025-06-18 11:19:25.216148,2340.5,53327.0,83847.0
2025-06-18 11:19:27.316913,2340.5,54595.0,83164.0
2025-06-18 11:19:29.217127,2340.5,54595.0,83164.0
2025-06-18 11:19:32.318610,2340.3,54809.0,83333.0
2025-06-18 11:19:33.217140,2340.3,54809.0,83333.0
2025-06-18 11:19:37.219783,2340.5,54809.0,83333.0
2025-06-18 11:19:37.223094,2340.5,54887.0,82711.0
2025-06-18 11:19:41.216641,2340.5,54887.0,82711.0
2025-06-18 11:19:42.121631,2340.3,55023.0,83151.0
2025-06-18 11:19:43.258942,2340.3,55023.0,83151.0
2025-06-18 11:19:45.216636,2340.5,55023.0,83151.0
2025-06-18 11:19:47.127563,2340.5,54851.0,83147.0
2025-06-18 11:19:47.223662,2340.5,54851.0,83147.0
2025-06-18 11:19:52.324798,2340.5,54808.0,83146.0
2025-06-18 11:19:53.228272,2340.5,54808.0,83146.0
2025-06-18 11:19:57.217509,2340.5,54808.0,83146.0
2025-06-18 11:19:57.732648,2340.5,54752.0,83248.0
2025-06-18 11:20:02.736738,2340.6,54799.0,83227.0
2025-06-18 11:20:03.218462,2340.6,54799.0,83227.0
2025-06-18 11:20:07.216302,2340.6,54799.0,83227.0
2025-06-18 11:20:07.645530,2340.6,55326.0,83082.0
2025-06-18 11:20:12.249696,2340.6,55326.0,83179.0
2025-06-18 11:20:16.858154,2340.5,55321.0,81200.0
2025-06-18 11:20:17.218273,2340.5,55321.0,81200.0
2025-06-18 11:20:20.217222,2340.5,55321.0,81200.0
2025-06-18 11:20:21.753071,2340.5,55263.0,83217.0
2025-06-18 11:20:25.213517,2340.5,55263.0,83217.0
2025-06-18 11:20:26.958118,2340.5,55127.0,83147.0
2025-06-18 11:20:28.214186,2340.6,55127.0,83147.0
2025-06-18 11:20:31.960196,2340.5,55415.0,83067.0
2025-06-18 11:20:32.220934,2340.5,55415.0,83067.0
2025-06-18 11:20:34.220760,2340.5,55415.0,83067.0
2025-06-18 11:20:35.216891,2340.6,55415.0,83067.0
2025-06-18 11:20:36.219673,2340.7,55415.0,83067.0
2025-06-18 11:20:36.864808,2340.7,55288.0,82449.0
2025-06-18 11:20:41.767141,2340.7,55818.0,82889.0
2025-06-18 11:20:46.218591,2341.0,55818.0,82889.0
2025-06-18 11:20:46.472431,2341.0,54666.0,82654.0
2025-06-18 11:20:49.218041,2340.6,54666.0,82654.0
2025-06-18 11:20:51.572931,2340.6,55339.0,82649.0
2025-06-18 11:20:52.212295,2340.6,55339.0,82649.0
2025-06-18 11:20:53.221208,2340.7,55339.0,82649.0
2025-06-18 11:20:56.677434,2341.1,55667.0,82520.0
2025-06-18 11:20:57.223232,2341.1,55667.0,82520.0
2025-06-18 11:21:01.376510,2341.1,55694.0,82652.0
2025-06-18 11:21:03.238469,2341.3,55694.0,82652.0
2025-06-18 11:21:06.179858,2341.0,56112.0,82468.0
2025-06-18 11:21:06.225205,2341.0,56112.0,82468.0
2025-06-18 11:21:11.182187,2341.1,56260.0,82447.0
2025-06-18 11:21:11.219568,2341.1,56260.0,82447.0
2025-06-18 11:21:15.788761,2341.1,56203.0,82468.0
2025-06-18 11:21:17.261381,2341.2,56203.0,82468.0
2025-06-18 11:21:18.219151,2341.2,56203.0,82468.0
2025-06-18 11:21:19.216907,2341.2,56203.0,82468.0
2025-06-18 11:21:20.491278,2341.2,56032.0,80610.0
2025-06-18 11:21:22.219326,2341.4,56032.0,80610.0
2025-06-18 11:21:25.632684,2341.4,55979.0,82563.0
2025-06-18 11:21:27.228181,2341.4,55979.0,82563.0
2025-06-18 11:21:29.219186,2341.4,55979.0,82563.0
2025-06-18 11:21:30.219079,2341.9,55979.0,82563.0
2025-06-18 11:21:30.693444,2341.9,55642.0,82394.0
2025-06-18 11:21:32.217443,2341.2,55642.0,82394.0
2025-06-18 11:21:34.219521,2341.9,55642.0,82394.0
2025-06-18 11:21:35.219024,2341.4,55642.0,82394.0
2025-06-18 11:21:35.796732,2341.4,55897.0,82301.0
2025-06-18 11:21:39.246372,2341.4,55897.0,82301.0
2025-06-18 11:21:40.298029,2341.4,55576.0,82533.0
2025-06-18 11:21:43.219560,2340.5,55576.0,82533.0
2025-06-18 11:21:45.008605,2340.5,53935.0,84060.0
2025-06-18 11:21:47.235072,2341.0,53935.0,84060.0
2025-06-18 11:21:49.050954,2341.0,53935.0,84060.0
2025-06-18 11:21:49.706558,2341.0,54038.0,84093.0
2025-06-18 11:21:50.213089,2341.0,54038.0,84093.0
2025-06-18 11:21:51.054541,2341.0,54038.0,84093.0
2025-06-18 11:21:51.252630,2340.5,54038.0,84093.0
2025-06-18 11:21:52.581063,2340.5,54038.0,84093.0
2025-06-18 11:21:52.847224,2340.5,54038.0,84093.0
2025-06-18 11:21:53.654639,2340.5,54038.0,84093.0
2025-06-18 11:21:54.623506,2340.5,54078.0,84105.0
2025-06-18 11:21:54.654376,2340.5,54078.0,84105.0
2025-06-18 11:21:55.210600,2340.5,54078.0,84105.0
2025-06-18 11:21:56.110962,2340.5,54078.0,84105.0
2025-06-18 11:21:57.231604,2340.5,54078.0,84105.0
2025-06-18 11:21:57.361473,2340.5,54078.0,84105.0
2025-06-18 11:21:58.684657,2340.5,54078.0,84105.0
2025-06-18 11:21:59.257429,2340.5,54078.0,84105.0
2025-06-18 11:21:59.497375,2340.5,54078.0,84105.0
2025-06-18 11:22:00.012397,2340.5,53914.0,84233.0
2025-06-18 11:22:00.883963,2340.5,53914.0,84233.0
2025-06-18 11:22:02.018876,2340.5,53914.0,84233.0
2025-06-18 11:22:02.225363,2340.5,53914.0,84233.0
2025-06-18 11:22:03.390690,2340.5,53914.0,84233.0
2025-06-18 11:22:05.193965,2340.5,53860.0,84184.0
2025-06-18 11:22:05.221865,2340.5,53860.0,84184.0
2025-06-18 11:22:09.717252,2340.5,53927.0,84187.0
2025-06-18 11:22:12.219950,2340.5,53927.0,84187.0
2025-06-18 11:22:14.220143,2340.7,53927.0,84187.0
2025-06-18 11:22:14.921750,2340.7,54067.0,83502.0
2025-06-18 11:22:17.222678,2340.5,54067.0,83502.0
2025-06-18 11:22:19.358945,2340.5,54067.0,83502.0
2025-06-18 11:22:19.935985,2340.5,54100.0,83721.0
2025-06-18 11:22:20.226519,2340.4,54100.0,83721.0
2025-06-18 11:22:23.224800,2340.5,54100.0,83721.0
2025-06-18 11:22:24.223820,2340.5,54100.0,83721.0
2025-06-18 11:22:24.831096,2340.5,54134.0,83721.0
2025-06-18 11:22:29.643012,2340.5,54104.0,83596.0
2025-06-18 11:22:32.248446,2340.5,54104.0,83596.0
2025-06-18 11:22:34.532474,2340.5,54061.0,83604.0
2025-06-18 11:22:36.226391,2340.6,54061.0,83604.0
2025-06-18 11:22:39.228816,2340.5,54061.0,83604.0
2025-06-18 11:22:39.657934,2340.5,54036.0,83595.0
2025-06-18 11:22:40.352241,2340.5,54036.0,83595.0
2025-06-18 11:22:45.187327,2340.5,54341.0,83543.0
2025-06-18 11:22:45.245554,2340.5,54341.0,83543.0
2025-06-18 11:22:47.222980,2340.5,54341.0,83543.0
2025-06-18 11:22:50.177372,2340.5,54500.0,83651.0
2025-06-18 11:22:51.225807,2340.5,54500.0,83651.0
2025-06-18 11:22:54.229898,2340.3,54500.0,83651.0
2025-06-18 11:22:55.052384,2340.3,54446.0,83771.0
2025-06-18 11:22:58.228312,2340.4,54446.0,83771.0
2025-06-18 11:22:59.753666,2340.4,55055.0,83610.0
2025-06-18 11:23:02.236496,2340.3,55055.0,83610.0
2025-06-18 11:23:04.227163,2340.4,55055.0,83610.0
2025-06-18 11:23:04.669201,2340.4,54273.0,83687.0
2025-06-18 11:23:05.226682,2340.3,54273.0,83687.0
2025-06-18 11:23:09.223022,2340.4,54273.0,83687.0
2025-06-18 11:23:09.678634,2340.4,54219.0,83705.0
2025-06-18 11:23:11.234744,2340.4,54219.0,83705.0
2025-06-18 11:23:14.358108,2340.4,54324.0,83109.0
2025-06-18 11:23:17.234452,2339.9,54324.0,83109.0
2025-06-18 11:23:19.762306,2339.9,51187.0,84197.0
2025-06-18 11:23:20.230324,2339.9,51187.0,84197.0
2025-06-18 11:23:23.238085,2339.0,51187.0,84197.0
2025-06-18 11:23:25.269253,2339.0,50966.0,84500.0
2025-06-18 11:23:29.246180,2339.4,50966.0,84500.0
2025-06-18 11:23:30.572383,2339.0,51563.0,84122.0
2025-06-18 11:23:31.250732,2339.0,51563.0,84122.0
2025-06-18 11:23:33.233066,2339.0,51563.0,84122.0
2025-06-18 11:23:35.875912,2339.0,51313.0,84468.0
2025-06-18 11:23:40.783619,2339.0,51041.0,84352.0
2025-06-18 11:23:41.245227,2339.3,51041.0,84352.0
2025-06-18 11:23:43.235785,2339.0,51041.0,84352.0
2025-06-18 11:23:45.778991,2339.0,51709.0,84252.0
2025-06-18 11:23:47.233568,2339.0,51709.0,84252.0
2025-06-18 11:23:49.349886,2339.0,51709.0,84252.0
2025-06-18 11:23:50.583205,2339.0,51761.0,84300.0
2025-06-18 11:23:51.240642,2339.0,51761.0,84300.0
2025-06-18 11:23:53.235721,2339.2,51761.0,84300.0
2025-06-18 11:23:55.286704,2339.2,51784.0,83933.0
2025-06-18 11:23:57.243390,2339.2,51784.0,83933.0
2025-06-18 11:24:00.387430,2339.0,51683.0,83677.0
2025-06-18 11:24:01.235252,2339.0,51683.0,83677.0
2025-06-18 11:24:03.236051,2338.6,51683.0,83677.0
2025-06-18 11:24:05.239531,2338.9,51683.0,83677.0
2025-06-18 11:24:05.291931,2338.9,51977.0,83693.0
2025-06-18 11:24:07.242386,2338.9,51977.0,83693.0
2025-06-18 11:24:09.239270,2338.6,51977.0,83693.0
2025-06-18 11:24:10.207943,2338.6,52193.0,83762.0
2025-06-18 11:24:11.245243,2338.9,52193.0,83762.0
2025-06-18 11:24:15.101298,2338.9,52126.0,83800.0
2025-06-18 11:24:17.359577,2338.5,52126.0,83800.0
2025-06-18 11:24:19.275021,2338.6,52126.0,83800.0
2025-06-18 11:24:20.008137,2338.7,52147.0,83582.0
2025-06-18 11:24:21.237378,2338.6,52147.0,83582.0
2025-06-18 11:24:23.237079,2338.6,52147.0,83582.0
2025-06-18 11:24:25.101388,2338.6,52257.0,83887.0
2025-06-18 11:24:27.234917,2338.6,52257.0,83887.0
2025-06-18 11:24:29.247188,2338.7,52257.0,83887.0
2025-06-18 11:24:30.403934,2338.7,51056.0,83644.0
2025-06-18 11:24:33.278851,2338.3,51056.0,83644.0
2025-06-18 11:24:35.216904,2338.7,52173.0,84057.0
2025-06-18 11:24:35.241897,2338.7,52173.0,84057.0
2025-06-18 11:24:37.261398,2338.7,52173.0,84057.0
2025-06-18 11:24:39.240413,2338.7,52173.0,84057.0
2025-06-18 11:24:40.109028,2338.7,52490.0,83959.0
2025-06-18 11:24:43.235939,2338.7,52490.0,83959.0
2025-06-18 11:24:44.911745,2338.7,52249.0,83841.0
2025-06-18 11:24:47.241286,2337.8,52249.0,83841.0
2025-06-18 11:24:49.450354,2338.1,52249.0,83841.0
2025-06-18 11:24:49.487204,2338.1,52249.0,83841.0
2025-06-18 11:24:50.257134,2338.1,51623.0,83490.0
2025-06-18 11:24:50.571691,2338.1,51623.0,83490.0
2025-06-18 11:24:51.252030,2337.4,51623.0,83490.0
2025-06-18 11:24:51.479122,2337.4,51623.0,83490.0
2025-06-18 11:24:52.408948,2337.4,51623.0,83490.0
2025-06-18 11:24:53.234750,2338.1,51623.0,83490.0
2025-06-18 11:24:53.301750,2338.1,51623.0,83490.0
2025-06-18 11:24:54.044242,2338.1,51623.0,83490.0
2025-06-18 11:24:55.018969,2338.1,52755.0,82875.0
2025-06-18 11:24:55.064208,2338.1,52755.0,82875.0
2025-06-18 11:24:55.311967,2338.2,52755.0,82875.0
2025-06-18 11:24:55.636996,2338.2,52755.0,82875.0
2025-06-18 11:24:56.052413,2338.2,52755.0,82875.0
2025-06-18 11:24:57.782581,2338.2,52755.0,82875.0
2025-06-18 11:24:59.028057,2338.2,52755.0,82875.0
2025-06-18 11:24:59.823593,2338.2,53593.0,83488.0
2025-06-18 11:24:59.901744,2338.2,53593.0,83488.0
2025-06-18 11:25:01.284069,2338.2,53593.0,83488.0
2025-06-18 11:25:02.416365,2338.2,53593.0,83488.0
2025-06-18 11:25:03.234039,2338.1,53593.0,83488.0
2025-06-18 11:25:03.547997,2338.1,53593.0,83488.0
2025-06-18 11:25:04.729416,2338.5,53687.0,83626.0
2025-06-18 11:25:05.012915,2338.5,53687.0,83626.0
2025-06-18 11:25:05.244144,2338.5,53687.0,83626.0
2025-06-18 11:25:09.230592,2338.0,53687.0,83626.0
2025-06-18 11:25:10.331189,2338.0,52799.0,84771.0
2025-06-18 11:25:13.258064,2337.0,52799.0,84771.0
2025-06-18 11:25:15.230551,2337.4,52799.0,84771.0
2025-06-18 11:25:15.734386,2337.4,54080.0,84313.0
2025-06-18 11:25:17.229465,2337.3,54080.0,84313.0
2025-06-18 11:25:19.231078,2337.4,54080.0,84313.0
2025-06-18 11:25:21.036532,2337.4,53821.0,84624.0
2025-06-18 11:25:23.367506,2337.4,53821.0,84624.0
2025-06-18 11:25:25.233885,2338.0,53821.0,84624.0
2025-06-18 11:25:26.241940,2338.0,53209.0,84117.0
2025-06-18 11:25:31.154620,2338.0,54092.0,84631.0
2025-06-18 11:25:33.233163,2337.4,54092.0,84631.0
2025-06-18 11:25:35.246259,2337.9,54092.0,84631.0
2025-06-18 11:25:36.152414,2337.2,53702.0,84119.0
2025-06-18 11:25:37.235398,2337.2,53702.0,84119.0
2025-06-18 11:25:39.937443,2336.8,53702.0,84119.0
2025-06-18 11:25:41.045833,2336.8,53679.0,84219.0
2025-06-18 11:25:45.651796,2336.8,54579.0,82277.0
2025-06-18 11:25:47.236000,2337.4,54579.0,82277.0
2025-06-18 11:25:50.950993,2337.4,53383.0,83856.0
2025-06-18 11:25:53.236326,2337.4,53383.0,83856.0
2025-06-18 11:25:55.242006,2337.4,53383.0,83856.0
2025-06-18 11:25:56.057079,2337.4,53302.0,84180.0
2025-06-18 11:25:57.245790,2336.7,53302.0,84180.0
2025-06-18 11:25:59.228909,2337.5,53302.0,84180.0
2025-06-18 11:26:01.235497,2336.6,53302.0,84180.0
2025-06-18 11:26:01.353891,2336.6,52948.0,84801.0
2025-06-18 11:26:03.253800,2336.6,52948.0,84801.0
2025-06-18 11:26:05.254814,2337.1,52948.0,84801.0
2025-06-18 11:26:06.667846,2337.1,53373.0,84543.0
2025-06-18 11:26:11.459703,2337.1,53687.0,84501.0
2025-06-18 11:26:13.236116,2336.8,53687.0,84501.0
2025-06-18 11:26:15.251433,2336.6,53687.0,84501.0
2025-06-18 11:26:16.364598,2336.6,54351.0,84170.0
2025-06-18 11:26:17.231771,2336.6,54351.0,84170.0
2025-06-18 11:26:21.295721,2336.6,54269.0,85294.0
2025-06-18 11:26:23.270924,2336.8,54269.0,85294.0
2025-06-18 11:26:26.074830,2336.8,53482.0,84870.0
2025-06-18 11:26:27.238798,2336.6,53482.0,84870.0
2025-06-18 11:26:31.073059,2336.7,54220.0,84340.0
2025-06-18 11:26:31.237306,2336.7,54220.0,84340.0
2025-06-18 11:26:35.232538,2336.8,54220.0,84340.0
2025-06-18 11:26:35.875156,2336.8,54354.0,84386.0
2025-06-18 11:26:37.255404,2336.7,54354.0,84386.0
2025-06-18 11:26:40.878750,2336.7,53656.0,84894.0
2025-06-18 11:26:43.256576,2337.3,53656.0,84894.0
2025-06-18 11:26:46.292122,2337.3,53866.0,84557.0
2025-06-18 11:26:47.241496,2337.3,53866.0,84557.0
2025-06-18 11:26:49.240809,2337.4,53866.0,84557.0
2025-06-18 11:26:51.229046,2337.1,53724.0,85040.0
2025-06-18 11:26:51.237247,2337.1,53724.0,85040.0
2025-06-18 11:26:56.090107,2336.9,53219.0,85686.0
2025-06-18 11:26:57.236392,2336.8,53219.0,85686.0
2025-06-18 11:26:59.249128,2336.8,53219.0,85686.0
2025-06-18 11:27:01.297686,2336.8,53645.0,85247.0
2025-06-18 11:27:03.238761,2336.6,53645.0,85247.0
2025-06-18 11:27:05.249131,2336.6,53645.0,85247.0
2025-06-18 11:27:06.397507,2336.6,53420.0,85304.0
2025-06-18 11:27:07.262422,2336.6,53420.0,85304.0
2025-06-18 11:27:11.214521,2336.6,53484.0,85470.0
2025-06-18 11:27:13.242214,2336.8,53484.0,85470.0
2025-06-18 11:27:15.260282,2336.2,53484.0,85470.0
2025-06-18 11:27:16.305286,2336.2,53433.0,84789.0
2025-06-18 11:27:21.106554,2336.0,53385.0,84887.0
2025-06-18 11:27:21.241343,2336.0,53385.0,84887.0
2025-06-18 11:27:26.009561,2336.0,53309.0,84830.0
2025-06-18 11:27:30.911041,2336.5,53459.0,84654.0
2025-06-18 11:27:31.289746,2336.5,53459.0,84654.0
2025-06-18 11:27:36.312272,2336.5,53411.0,84884.0
2025-06-18 11:27:41.251865,2336.0,53411.0,84884.0
2025-06-18 11:27:41.319499,2336.0,53218.0,84766.0
2025-06-18 11:27:43.247439,2336.0,53218.0,84766.0
2025-06-18 11:27:47.227648,2336.0,53100.0,85167.0
2025-06-18 11:27:47.242669,2336.0,53100.0,85167.0
2025-06-18 11:27:49.914206,2336.0,53100.0,85167.0
2025-06-18 11:27:51.000828,2336.0,53100.0,85167.0
2025-06-18 11:27:51.238089,2336.0,53100.0,85167.0
2025-06-18 11:27:51.916795,2336.0,53100.0,85167.0
2025-06-18 11:27:52.845293,2336.0,53100.0,85167.0
2025-06-18 11:27:53.124069,2336.0,53167.0,85173.0
2025-06-18 11:27:53.761680,2336.0,53167.0,85173.0
2025-06-18 11:27:54.486904,2336.0,53167.0,85173.0
2025-06-18 11:27:55.245966,2336.0,53167.0,85173.0
2025-06-18 11:27:55.504161,2336.0,53167.0,85173.0
2025-06-18 11:27:56.063651,2336.0,53167.0,85173.0
2025-06-18 11:27:57.244695,2336.0,53167.0,85173.0
2025-06-18 11:27:57.329953,2336.0,53167.0,85173.0
2025-06-18 11:27:58.255482,2336.0,53167.0,85173.0
2025-06-18 11:27:58.331871,2336.0,53040.0,84998.0
2025-06-18 11:27:59.241344,2336.0,53040.0,84998.0
2025-06-18 11:27:59.454395,2336.0,53040.0,84998.0
2025-06-18 11:28:00.316579,2336.0,53040.0,84998.0
2025-06-18 11:28:01.235789,2336.0,53040.0,84998.0
2025-06-18 11:28:01.718798,2336.0,53040.0,84998.0
2025-06-18 11:28:02.852176,2336.0,53040.0,84998.0
2025-06-18 11:28:03.027226,2335.6,52971.0,84776.0
2025-06-18 11:28:03.237663,2335.6,52971.0,84776.0
2025-06-18 11:28:03.982838,2335.6,52971.0,84776.0
2025-06-18 11:28:05.603168,2335.6,52971.0,84776.0
2025-06-18 11:28:07.833510,2336.0,52972.0,84971.0
2025-06-18 11:28:10.488271,2336.0,52972.0,84971.0
2025-06-18 11:28:11.243083,2336.0,52972.0,84971.0
2025-06-18 11:28:12.534878,2335.8,53511.0,84979.0
2025-06-18 11:28:13.246801,2335.8,53511.0,84979.0
2025-06-18 11:28:15.244191,2335.6,53511.0,84979.0
2025-06-18 11:28:17.245738,2335.6,53511.0,84979.0
2025-06-18 11:28:17.437880,2336.0,55314.0,83213.0
2025-06-18 11:28:19.243655,2336.2,55314.0,83213.0
2025-06-18 11:28:22.838598,2337.4,55039.0,83223.0
2025-06-18 11:28:23.246727,2337.4,55039.0,83223.0
2025-06-18 11:28:28.181828,2337.4,54458.0,84051.0
2025-06-18 11:28:33.148675,2337.4,53308.0,84913.0
2025-06-18 11:28:37.245890,2335.7,53308.0,84913.0
2025-06-18 11:28:38.048941,2335.7,53348.0,83385.0
2025-06-18 11:28:41.247508,2335.7,53348.0,83385.0
2025-06-18 11:28:43.054352,2336.0,52411.0,85342.0
2025-06-18 11:28:43.241470,2336.0,52411.0,85342.0
2025-06-18 11:28:48.060400,2336.0,52414.0,85311.0
2025-06-18 11:28:51.248921,2336.1,52414.0,85311.0
2025-06-18 11:28:53.175315,2336.0,52861.0,82842.0
2025-06-18 11:28:53.245503,2336.0,52861.0,82842.0
2025-06-18 11:28:57.264644,2336.0,52861.0,82842.0
2025-06-18 11:28:57.865285,2336.0,52680.0,83116.0
2025-06-18 11:28:59.244506,2336.0,52680.0,83116.0
2025-06-18 11:29:01.247675,2336.0,52680.0,83116.0
2025-06-18 11:29:02.470433,2336.0,52112.0,85048.0
2025-06-18 11:29:03.258183,2336.0,52112.0,85048.0
2025-06-18 11:29:07.246430,2335.6,52112.0,85048.0
2025-06-18 11:29:07.274396,2335.6,51964.0,85162.0
2025-06-18 11:29:12.475524,2335.6,51731.0,85856.0
2025-06-18 11:29:13.249869,2335.6,51731.0,85856.0
2025-06-18 11:29:17.251412,2335.6,51731.0,85856.0
2025-06-18 11:29:17.781267,2335.6,52099.0,85238.0
2025-06-18 11:29:23.209450,2335.6,52286.0,85246.0
2025-06-18 11:29:23.247878,2335.4,52286.0,85246.0
2025-06-18 11:29:27.248472,2335.1,52286.0,85246.0
2025-06-18 11:29:28.795237,2335.5,52419.0,85446.0
2025-06-18 11:29:29.245786,2335.5,52419.0,85446.0
2025-06-18 11:29:33.255108,2335.4,52419.0,85446.0
2025-06-18 11:29:33.712850,2335.4,52815.0,84772.0
2025-06-18 11:29:37.245097,2335.6,52815.0,84772.0
2025-06-18 11:29:39.090964,2335.6,52576.0,84475.0
2025-06-18 11:29:44.293469,2335.6,52652.0,84657.0
2025-06-18 11:29:47.248283,2335.4,52652.0,84657.0
2025-06-18 11:29:49.095040,2335.4,52882.0,84505.0
2025-06-18 11:29:53.906161,2335.4,52525.0,84532.0
2025-06-18 11:29:57.267109,2335.6,52525.0,84532.0
2025-06-18 11:29:59.216461,2336.6,52810.0,84415.0
2025-06-18 11:29:59.248229,2336.6,52810.0,84415.0
2025-06-18 11:30:01.248080,2335.9,52810.0,84415.0
2025-06-18 11:30:04.308385,2335.3,52761.0,84909.0
2025-06-18 11:30:06.249808,2335.3,52761.0,84909.0
2025-06-18 11:30:09.732416,2335.3,52545.0,82883.0
2025-06-18 11:30:15.222978,2335.5,52171.0,85553.0
2025-06-18 11:30:15.255330,2335.5,52171.0,85553.0
2025-06-18 11:30:18.249556,2335.3,52171.0,85553.0
2025-06-18 11:30:20.516885,2335.3,51082.0,86416.0
2025-06-18 11:30:21.260772,2335.1,51082.0,86416.0
2025-06-18 11:30:26.236564,2335.1,51420.0,86046.0
2025-06-18 11:30:29.251986,2335.1,51420.0,86046.0
2025-06-18 11:30:31.435041,2335.0,51182.0,85974.0
2025-06-18 11:30:33.250230,2335.1,51182.0,85974.0
2025-06-18 11:30:35.266928,2335.1,51182.0,85974.0
2025-06-18 11:30:37.304424,2335.1,51149.0,85621.0
2025-06-18 11:30:39.270078,2335.1,51149.0,85621.0
2025-06-18 11:30:41.258381,2335.1,51149.0,85621.0
2025-06-18 11:30:41.829484,2335.1,52043.0,85178.0
2025-06-18 11:30:47.286467,2335.1,52043.0,85178.0
2025-06-18 11:30:47.333379,2335.1,52948.0,85256.0
2025-06-18 11:30:49.253905,2335.1,52948.0,85256.0
2025-06-18 11:30:50.334955,2335.1,52948.0,85256.0
2025-06-18 11:30:51.271663,2335.0,52948.0,85256.0
2025-06-18 11:30:51.426050,2335.0,52948.0,85256.0
2025-06-18 11:30:52.348057,2335.0,52948.0,85256.0
2025-06-18 11:30:52.437447,2335.0,52916.0,85046.0
2025-06-18 11:30:53.292282,2335.0,52916.0,85046.0
2025-06-18 11:30:54.161156,2335.0,52916.0,85046.0
2025-06-18 11:30:55.976697,2335.0,52916.0,85046.0
2025-06-18 11:30:56.541650,2335.0,52916.0,85046.0
2025-06-18 11:30:57.263314,2335.1,52916.0,85046.0
2025-06-18 11:30:57.451622,2335.1,52916.0,85046.0
2025-06-18 11:30:57.541559,2335.1,52886.0,85294.0
2025-06-18 11:30:57.819890,2335.1,52886.0,85294.0
2025-06-18 11:30:58.714603,2335.1,52886.0,85294.0
2025-06-18 11:30:59.957494,2335.1,52886.0,85294.0
2025-06-18 11:31:00.816815,2335.1,52886.0,85294.0
2025-06-18 11:31:01.260980,2335.1,52886.0,85294.0
2025-06-18 11:31:02.227747,2335.1,52886.0,85294.0
2025-06-18 11:31:02.345565,2335.2,52931.0,84640.0
2025-06-18 11:31:03.267698,2335.1,52931.0,84640.0
2025-06-18 11:31:03.353614,2335.1,52931.0,84640.0
2025-06-18 11:31:04.494338,2335.1,52931.0,84640.0
2025-06-18 11:31:05.968618,2335.1,52931.0,84640.0
2025-06-18 11:31:07.276485,2335.1,52929.0,85302.0
2025-06-18 11:31:11.267116,2335.2,52929.0,85302.0
2025-06-18 11:31:12.453905,2335.1,53057.0,84642.0
2025-06-18 11:31:13.266048,2335.1,53057.0,84642.0
2025-06-18 11:31:17.267710,2335.1,53057.0,84642.0
2025-06-18 11:31:17.560240,2335.1,53011.0,83218.0
2025-06-18 11:31:19.347197,2335.0,53011.0,83218.0
2025-06-18 11:31:22.866885,2335.0,51591.0,86070.0
2025-06-18 11:31:23.272078,2335.0,51591.0,86070.0
2025-06-18 11:31:28.566062,2335.0,52015.0,85745.0
2025-06-18 11:31:33.258703,2334.1,52015.0,85745.0
2025-06-18 11:31:33.874188,2334.1,51929.0,86018.0
2025-06-18 11:31:38.978605,2334.1,51843.0,85859.0
2025-06-18 11:31:41.264454,2334.3,51843.0,85859.0
2025-06-18 11:31:43.273427,2334.0,51843.0,85859.0
2025-06-18 11:31:44.088443,2334.0,52009.0,85870.0
2025-06-18 11:31:45.270707,2334.1,52009.0,85870.0
2025-06-18 11:31:47.302870,2334.0,52009.0,85870.0
2025-06-18 11:31:49.086227,2334.1,52067.0,86084.0
2025-06-18 11:31:49.284326,2334.1,52067.0,86084.0
2025-06-18 11:31:51.274829,2334.1,52067.0,86084.0
2025-06-18 11:31:53.263992,2334.0,52067.0,86084.0
2025-06-18 11:31:54.088488,2334.0,52105.0,85742.0
2025-06-18 11:31:55.262649,2334.1,52105.0,85742.0
2025-06-18 11:31:59.210969,2334.1,51952.0,85970.0
2025-06-18 11:32:03.265212,2334.0,51952.0,85970.0
2025-06-18 11:32:03.899350,2334.0,51813.0,86252.0
2025-06-18 11:32:09.275841,2333.8,51813.0,86252.0
2025-06-18 11:32:09.603653,2333.8,51393.0,86308.0
2025-06-18 11:32:15.807581,2333.8,51674.0,85957.0
2025-06-18 11:32:17.272746,2333.4,51674.0,85957.0
2025-06-18 11:32:20.279265,2333.5,51674.0,85957.0
2025-06-18 11:32:21.112496,2333.5,51858.0,85547.0
2025-06-18 11:32:23.257470,2333.5,51858.0,85547.0
2025-06-18 11:32:26.921565,2333.5,51647.0,85419.0
2025-06-18 11:32:29.263111,2333.5,51647.0,85419.0
2025-06-18 11:32:32.260975,2333.4,51647.0,85419.0
2025-06-18 11:32:32.626498,2333.4,51809.0,85592.0
2025-06-18 11:32:35.262658,2333.4,51809.0,85592.0
2025-06-18 11:32:38.529579,2333.3,52012.0,85458.0
2025-06-18 11:32:41.266909,2333.3,52012.0,85458.0
2025-06-18 11:32:44.131824,2333.4,51881.0,85462.0
2025-06-18 11:32:44.314776,2333.4,51881.0,85462.0
2025-06-18 11:32:47.272048,2333.2,51881.0,85462.0
2025-06-18 11:32:49.540128,2333.2,51854.0,85429.0
2025-06-18 11:32:53.262084,2333.2,51854.0,85429.0
2025-06-18 11:32:54.637573,2333.2,51886.0,85576.0
2025-06-18 11:32:56.293790,2333.2,51886.0,85576.0
2025-06-18 11:32:59.831992,2333.2,51886.0,85576.0
2025-06-18 11:33:00.039358,2333.0,48884.0,85976.0
2025-06-18 11:33:02.263732,2333.2,48884.0,85976.0
2025-06-18 11:33:05.442421,2333.2,51205.0,86010.0
2025-06-18 11:33:08.262369,2333.0,51205.0,86010.0
2025-06-18 11:33:10.942426,2333.0,51610.0,85680.0
2025-06-18 11:33:11.264047,2333.0,51610.0,85680.0
2025-06-18 11:33:14.262140,2333.0,51610.0,85680.0
2025-06-18 11:33:16.253145,2332.6,51675.0,85287.0
2025-06-18 11:33:17.277225,2332.6,51675.0,85287.0
2025-06-18 11:33:20.268516,2332.3,51675.0,85287.0
2025-06-18 11:33:21.449102,2332.3,51447.0,86104.0
2025-06-18 11:33:23.276475,2332.4,51447.0,86104.0
2025-06-18 11:33:26.311802,2332.6,51447.0,86104.0
2025-06-18 11:33:26.656486,2332.6,51381.0,86026.0
2025-06-18 11:33:29.268570,2332.5,51381.0,86026.0
2025-06-18 11:33:32.279014,2332.4,51381.0,86026.0
2025-06-18 11:33:32.451745,2332.4,51259.0,86178.0
2025-06-18 11:33:35.280582,2332.0,51259.0,86178.0
2025-06-18 11:33:38.271108,2332.2,51259.0,86178.0
2025-06-18 11:33:38.358431,2332.2,51066.0,85965.0
2025-06-18 11:33:41.273847,2332.0,51066.0,85965.0
2025-06-18 11:33:44.280927,2331.9,51066.0,85965.0
2025-06-18 11:33:44.360877,2331.9,50713.0,85663.0
2025-06-18 11:33:47.284041,2331.8,50713.0,85663.0
2025-06-18 11:33:50.172949,2331.7,50296.0,86245.0
2025-06-18 11:33:50.301932,2331.7,50296.0,86245.0
2025-06-18 11:33:51.097271,2331.7,50296.0,86245.0
2025-06-18 11:33:52.225485,2331.7,50296.0,86245.0
2025-06-18 11:33:53.149458,2331.7,50296.0,86245.0
2025-06-18 11:33:53.268143,2331.7,50296.0,86245.0
2025-06-18 11:33:54.102497,2331.7,50296.0,86245.0
2025-06-18 11:33:55.792779,2331.7,50296.0,86245.0
2025-06-18 11:33:55.869041,2331.7,50523.0,85343.0
2025-06-18 11:33:56.276920,2331.7,50523.0,85343.0
2025-06-18 11:33:56.892731,2331.7,50523.0,85343.0
2025-06-18 11:33:57.467933,2331.7,50523.0,85343.0
2025-06-18 11:33:58.366467,2331.7,50523.0,85343.0
2025-06-18 11:33:59.280803,2331.7,50523.0,85343.0
2025-06-18 11:33:59.621695,2331.7,50523.0,85343.0
2025-06-18 11:34:00.875950,2331.7,50523.0,85343.0
2025-06-18 11:34:01.750292,2331.7,50523.0,85343.0
2025-06-18 11:34:01.787674,2332.7,51696.0,84210.0
2025-06-18 11:34:02.274200,2332.7,51696.0,84210.0
2025-06-18 11:34:03.136763,2332.7,51696.0,84210.0
2025-06-18 11:34:04.275356,2332.7,51696.0,84210.0
2025-06-18 11:34:05.517249,2332.7,51696.0,84210.0
2025-06-18 11:34:06.878605,2332.7,51696.0,84210.0
2025-06-18 11:34:07.481672,2332.9,51663.0,84390.0
2025-06-18 11:34:08.271633,2332.9,51663.0,84390.0
2025-06-18 11:34:11.307966,2332.5,51663.0,84390.0
2025-06-18 11:34:12.883036,2332.5,52537.0,82219.0
2025-06-18 11:34:14.306003,2332.0,52537.0,82219.0
2025-06-18 11:34:17.283841,2333.2,52537.0,82219.0
2025-06-18 11:34:18.189804,2332.5,53378.0,81779.0
2025-06-18 11:34:20.297308,2332.5,53378.0,81779.0
2025-06-18 11:34:23.309799,2332.5,53378.0,81779.0
2025-06-18 11:34:23.311391,2332.5,53248.0,83795.0
2025-06-18 11:34:28.795542,2332.5,53265.0,83687.0
2025-06-18 11:34:29.281127,2332.5,53265.0,83687.0
2025-06-18 11:34:32.277937,2332.5,53265.0,83687.0
2025-06-18 11:34:34.100721,2332.8,53293.0,83697.0
2025-06-18 11:34:34.273020,2332.8,53293.0,83697.0
2025-06-18 11:34:36.279741,2333.0,53293.0,83697.0
2025-06-18 11:34:39.100659,2333.0,53596.0,83679.0
2025-06-18 11:34:43.802907,2333.0,53231.0,83793.0
2025-06-18 11:34:46.290485,2333.0,53231.0,83793.0
2025-06-18 11:34:49.249168,2333.0,53615.0,83603.0
2025-06-18 11:34:50.273676,2333.0,53615.0,83603.0
2025-06-18 11:34:52.268487,2332.5,53615.0,83603.0
2025-06-18 11:34:54.612721,2332.5,52997.0,83910.0
2025-06-18 11:35:00.446572,2332.4,52997.0,83910.0
2025-06-18 11:35:00.496775,2332.4,53750.0,83896.0
2025-06-18 11:35:02.275333,2332.1,53750.0,83896.0
2025-06-18 11:35:05.514769,2332.1,53700.0,83285.0
2025-06-18 11:35:08.331797,2332.0,53700.0,83285.0
2025-06-18 11:35:10.291815,2332.3,53700.0,83285.0
2025-06-18 11:35:11.230969,2332.3,53581.0,83770.0
2025-06-18 11:35:16.324887,2332.3,53581.0,83770.0
2025-06-18 11:35:16.921165,2332.3,52738.0,84749.0
2025-06-18 11:35:20.510046,2331.7,52738.0,84749.0
2025-06-18 11:35:22.319142,2331.5,52738.0,84749.0
2025-06-18 11:35:22.621705,2331.5,51959.0,85005.0
2025-06-18 11:35:24.331107,2331.8,51959.0,85005.0
2025-06-18 11:35:26.327248,2331.1,51959.0,85005.0
2025-06-18 11:35:28.333400,2331.7,51959.0,85005.0
2025-06-18 11:35:28.527149,2331.7,51709.0,85142.0
2025-06-18 11:35:30.308895,2331.1,51709.0,85142.0
2025-06-18 11:35:34.238008,2331.1,51623.0,83239.0
2025-06-18 11:35:35.297986,2331.8,51623.0,83239.0
2025-06-18 11:35:38.281119,2331.4,51623.0,83239.0
2025-06-18 11:35:40.134572,2331.4,51883.0,84625.0
2025-06-18 11:35:41.313554,2331.3,51883.0,84625.0
2025-06-18 11:35:46.249475,2331.3,51707.0,84990.0
2025-06-18 11:35:47.276775,2331.1,51707.0,84990.0
2025-06-18 11:35:50.276794,2331.1,51707.0,84990.0
2025-06-18 11:35:51.943388,2331.1,52294.0,84979.0
2025-06-18 11:35:53.276282,2331.4,52294.0,84979.0
2025-06-18 11:35:57.546657,2331.3,52307.0,85083.0
2025-06-18 11:35:59.277600,2331.3,52307.0,85083.0
2025-06-18 11:36:03.278727,2332.5,52307.0,85083.0
2025-06-18 11:36:03.349566,2332.5,52731.0,84852.0
2025-06-18 11:36:07.278054,2331.1,52731.0,84852.0
2025-06-18 11:36:09.625037,2331.1,53098.0,85085.0
2025-06-18 11:36:11.276920,2331.8,53098.0,85085.0
2025-06-18 11:36:14.856538,2331.9,53138.0,84610.0
2025-06-18 11:36:15.276743,2331.9,53138.0,84610.0
2025-06-18 11:36:17.278699,2331.9,53138.0,84610.0
2025-06-18 11:36:20.557526,2331.9,53286.0,84381.0
2025-06-18 11:36:23.278992,2333.0,53286.0,84381.0
2025-06-18 11:36:25.283018,2331.9,53286.0,84381.0
2025-06-18 11:36:26.064605,2331.9,53231.0,84427.0
2025-06-18 11:36:29.280792,2331.6,53231.0,84427.0
2025-06-18 11:36:31.293421,2331.9,53231.0,84427.0
2025-06-18 11:36:31.562442,2331.6,53701.0,84013.0
2025-06-18 11:36:33.285411,2331.6,53701.0,84013.0
2025-06-18 11:36:36.862089,2331.5,53535.0,84073.0
2025-06-18 11:36:37.281277,2331.5,53535.0,84073.0
2025-06-18 11:36:42.174340,2331.5,53887.0,84138.0
2025-06-18 11:36:43.286628,2331.5,53887.0,84138.0
2025-06-18 11:36:47.367376,2331.5,54146.0,83986.0
2025-06-18 11:36:51.345903,2331.5,54146.0,83986.0
2025-06-18 11:36:52.457948,2331.5,54146.0,83986.0
2025-06-18 11:36:52.783149,2331.5,54110.0,84090.0
2025-06-18 11:36:53.281834,2331.6,54110.0,84090.0
2025-06-18 11:36:53.393781,2331.6,54110.0,84090.0
2025-06-18 11:36:54.345135,2331.6,54110.0,84090.0
2025-06-18 11:36:55.234736,2331.6,54110.0,84090.0
2025-06-18 11:36:56.033047,2331.6,54110.0,84090.0
2025-06-18 11:36:57.108234,2331.6,54110.0,84090.0
2025-06-18 11:36:58.078798,2331.6,54110.0,84090.0
2025-06-18 11:36:58.180723,2331.5,54045.0,84085.0
2025-06-18 11:36:58.562107,2331.5,54045.0,84085.0
2025-06-18 11:36:59.281054,2331.5,54045.0,84085.0
2025-06-18 11:36:59.820159,2331.5,54045.0,84085.0
2025-06-18 11:37:01.077138,2331.5,54045.0,84085.0
2025-06-18 11:37:03.313166,2331.6,54045.0,84085.0
2025-06-18 11:37:03.356758,2331.6,54045.0,84085.0
2025-06-18 11:37:03.484239,2331.6,54323.0,83382.0
2025-06-18 11:37:04.486296,2331.6,54323.0,83382.0
2025-06-18 11:37:05.694049,2331.6,54323.0,83382.0
2025-06-18 11:37:07.109800,2331.6,54323.0,83382.0
2025-06-18 11:37:08.683686,2331.6,54234.0,81966.0
2025-06-18 11:37:11.310981,2331.6,54234.0,81966.0
2025-06-18 11:37:13.287434,2331.9,54234.0,81966.0
2025-06-18 11:37:13.885079,2331.9,55025.0,80954.0
2025-06-18 11:37:18.888843,2331.6,54301.0,83245.0
2025-06-18 11:37:19.293514,2331.6,54301.0,83245.0
2025-06-18 11:37:23.327861,2332.8,54301.0,83245.0
2025-06-18 11:37:23.791843,2332.8,55470.0,83012.0
2025-06-18 11:37:25.286431,2332.4,55470.0,83012.0
2025-06-18 11:37:28.691425,2332.8,55872.0,83141.0
2025-06-18 11:37:29.283433,2332.8,55872.0,83141.0
2025-06-18 11:37:31.289642,2332.8,55872.0,83141.0
2025-06-18 11:37:34.099001,2332.8,55667.0,81129.0
2025-06-18 11:37:35.288693,2332.3,55667.0,81129.0
2025-06-18 11:37:37.527760,2333.2,55667.0,81129.0
2025-06-18 11:37:39.289334,2334.2,55667.0,81129.0
2025-06-18 11:37:39.603601,2334.2,56747.0,80776.0
2025-06-18 11:37:41.290518,2333.6,56747.0,80776.0
2025-06-18 11:37:43.302990,2333.3,56747.0,80776.0
2025-06-18 11:37:45.187890,2333.1,56086.0,81544.0
2025-06-18 11:37:45.293244,2333.1,56086.0,81544.0
2025-06-18 11:37:50.410169,2334.1,55704.0,81613.0
2025-06-18 11:37:51.285933,2334.1,55704.0,81613.0
2025-06-18 11:37:53.288045,2333.9,55704.0,81613.0
2025-06-18 11:37:55.717599,2333.9,55947.0,81825.0
2025-06-18 11:38:01.217189,2333.9,55885.0,81844.0
2025-06-18 11:38:06.917846,2333.9,56102.0,81635.0
2025-06-18 11:38:12.518163,2333.9,56185.0,81261.0
2025-06-18 11:38:16.285500,2334.0,56185.0,81261.0
2025-06-18 11:38:17.922849,2334.0,56230.0,79408.0
2025-06-18 11:38:18.292926,2334.0,56230.0,79408.0
2025-06-18 11:38:20.286992,2333.2,56230.0,79408.0
2025-06-18 11:38:22.284381,2334.0,56230.0,79408.0
2025-06-18 11:38:23.236875,2334.0,55947.0,81827.0
2025-06-18 11:38:28.432536,2334.0,56888.0,81865.0
2025-06-18 11:38:30.293950,2334.0,56888.0,81865.0
2025-06-18 11:38:33.834400,2333.6,56629.0,81516.0
2025-06-18 11:38:34.288751,2333.6,56629.0,81516.0
2025-06-18 11:38:38.290738,2334.0,56629.0,81516.0
2025-06-18 11:38:39.146023,2334.0,56526.0,81537.0
2025-06-18 11:38:44.254651,2334.0,56563.0,81857.0
2025-06-18 11:38:44.290951,2334.0,56563.0,81857.0
2025-06-18 11:38:49.442818,2334.0,56603.0,81902.0
2025-06-18 11:38:54.347884,2334.0,56837.0,81800.0
2025-06-18 11:38:58.294739,2333.6,56837.0,81800.0
2025-06-18 11:38:59.353487,2333.6,56851.0,81826.0
2025-06-18 11:39:02.300183,2333.6,56851.0,81826.0
2025-06-18 11:39:04.168235,2333.6,56655.0,81926.0
2025-06-18 11:39:08.291832,2333.8,56655.0,81926.0
2025-06-18 11:39:09.861723,2333.8,56813.0,81839.0
2025-06-18 11:39:15.367075,2334.0,57957.0,81421.0
2025-06-18 11:39:16.296465,2334.0,57957.0,81421.0
2025-06-18 11:39:20.294716,2334.0,57957.0,81421.0
2025-06-18 11:39:20.971826,2334.1,57274.0,81334.0
2025-06-18 11:39:22.300648,2334.0,57274.0,81334.0
2025-06-18 11:39:24.302294,2333.8,57274.0,81334.0
2025-06-18 11:39:26.773076,2335.1,57297.0,81226.0
2025-06-18 11:39:26.778980,2335.1,57297.0,81226.0
2025-06-18 11:39:31.373082,2335.1,57211.0,81232.0
2025-06-18 11:39:32.290852,2335.1,57211.0,81232.0
2025-06-18 11:39:34.299090,2334.2,57211.0,81232.0
2025-06-18 11:39:36.293999,2334.2,57211.0,81232.0
2025-06-18 11:39:36.682739,2334.2,58022.0,81274.0
2025-06-18 11:39:41.982018,2335.0,57961.0,80814.0
2025-06-18 11:39:42.291553,2335.0,57961.0,80814.0
2025-06-18 11:39:44.303201,2335.1,57961.0,80814.0
2025-06-18 11:39:46.984479,2335.1,57699.0,80658.0
2025-06-18 11:39:50.296960,2335.1,57699.0,80658.0
2025-06-18 11:39:51.767752,2335.1,57699.0,80658.0
2025-06-18 11:39:52.587849,2335.1,57870.0,81111.0
2025-06-18 11:39:53.290172,2335.1,57870.0,81111.0
2025-06-18 11:39:54.220631,2335.1,57870.0,81111.0
2025-06-18 11:39:54.296826,2335.0,57870.0,81111.0
2025-06-18 11:39:55.180078,2335.0,57870.0,81111.0
2025-06-18 11:39:56.054193,2335.0,57870.0,81111.0
2025-06-18 11:39:56.295578,2335.0,57870.0,81111.0
2025-06-18 11:39:56.861831,2335.0,57870.0,81111.0
2025-06-18 11:39:57.930756,2335.0,57870.0,81111.0
2025-06-18 11:39:57.991823,2335.0,56857.0,81462.0
2025-06-18 11:39:58.503934,2335.0,56857.0,81462.0
2025-06-18 11:39:59.436213,2335.0,56857.0,81462.0
2025-06-18 11:40:00.672486,2335.0,56857.0,81462.0
2025-06-18 11:40:01.929424,2335.0,56857.0,81462.0
2025-06-18 11:40:02.799389,2335.0,56857.0,81462.0
2025-06-18 11:40:03.095240,2335.0,56974.0,81348.0
2025-06-18 11:40:04.199110,2335.0,56974.0,81348.0
2025-06-18 11:40:04.299683,2334.7,56974.0,81348.0
2025-06-18 11:40:05.339514,2334.7,56974.0,81348.0
2025-06-18 11:40:06.479735,2334.7,56974.0,81348.0
2025-06-18 11:40:07.986378,2334.7,56974.0,81348.0
2025-06-18 11:40:08.199738,2334.7,57011.0,81209.0
2025-06-18 11:40:12.304757,2334.5,57011.0,81209.0
2025-06-18 11:40:13.199447,2334.5,57620.0,81169.0
2025-06-18 11:40:14.299827,2334.5,57620.0,81169.0
2025-06-18 11:40:16.302249,2334.3,57620.0,81169.0
2025-06-18 11:40:18.401559,2334.3,57412.0,81144.0
2025-06-18 11:40:22.297797,2334.5,57412.0,81144.0
2025-06-18 11:40:24.005794,2334.5,57510.0,81355.0
2025-06-18 11:40:24.301978,2334.5,57510.0,81355.0
2025-06-18 11:40:26.304888,2334.5,57510.0,81355.0
2025-06-18 11:40:28.300031,2334.5,57510.0,81355.0
2025-06-18 11:40:29.613616,2334.5,57673.0,81354.0
2025-06-18 11:40:30.301480,2334.4,57673.0,81354.0
2025-06-18 11:40:32.305495,2334.5,57673.0,81354.0
2025-06-18 11:40:35.115743,2334.5,57445.0,81606.0
2025-06-18 11:40:38.300117,2334.5,57445.0,81606.0
2025-06-18 11:40:40.308432,2334.3,57445.0,81606.0
2025-06-18 11:40:40.418731,2334.3,57369.0,81983.0
2025-06-18 11:40:42.304597,2334.4,57369.0,81983.0
2025-06-18 11:40:44.303525,2333.6,57369.0,81983.0
2025-06-18 11:40:45.828924,2333.6,56937.0,82080.0
2025-06-18 11:40:48.308886,2334.0,56937.0,82080.0
2025-06-18 11:40:50.926731,2334.0,56691.0,81775.0
2025-06-18 11:40:52.306274,2333.9,56691.0,81775.0
2025-06-18 11:40:56.300636,2333.9,56691.0,81775.0
2025-06-18 11:40:56.428594,2333.9,56586.0,82066.0
2025-06-18 11:40:58.300858,2333.9,56586.0,82066.0
2025-06-18 11:41:00.300541,2333.6,56586.0,82066.0
2025-06-18 11:41:01.742284,2333.9,56607.0,82315.0
2025-06-18 11:41:02.300816,2333.9,56607.0,82315.0
2025-06-18 11:41:06.308621,2333.9,56607.0,82315.0
2025-06-18 11:41:07.038012,2333.9,56599.0,83031.0
2025-06-18 11:41:08.305974,2333.7,56599.0,83031.0
2025-06-18 11:41:10.307112,2333.9,56599.0,83031.0
2025-06-18 11:41:12.246052,2333.9,56564.0,82756.0
2025-06-18 11:41:16.312715,2333.6,56564.0,82756.0
2025-06-18 11:41:17.442392,2333.6,56564.0,82825.0
2025-06-18 11:41:18.316967,2333.8,56564.0,82825.0
2025-06-18 11:41:20.304289,2333.6,56564.0,82825.0
2025-06-18 11:41:22.314109,2333.8,56564.0,82825.0
2025-06-18 11:41:22.344381,2333.8,56531.0,82715.0
2025-06-18 11:41:24.305974,2333.6,56531.0,82715.0
2025-06-18 11:41:27.450244,2333.6,57006.0,82704.0
2025-06-18 11:41:32.303857,2335.0,57006.0,82704.0
2025-06-18 11:41:32.659959,2335.0,58833.0,80655.0
2025-06-18 11:41:38.358780,2335.0,58834.0,80909.0
2025-06-18 11:41:40.309499,2334.9,58834.0,80909.0
2025-06-18 11:41:43.785965,2334.9,59054.0,80703.0
2025-06-18 11:41:48.770840,2334.9,58991.0,80980.0
2025-06-18 11:41:52.308699,2334.7,58991.0,80980.0
2025-06-18 11:41:53.866492,2334.7,58680.0,81032.0
2025-06-18 11:41:56.302207,2334.6,58680.0,81032.0
2025-06-18 11:41:58.672380,2334.6,58698.0,80863.0
2025-06-18 11:42:02.321323,2334.9,58698.0,80863.0
2025-06-18 11:42:03.373185,2334.9,59287.0,81151.0
2025-06-18 11:42:06.350376,2334.9,59287.0,81151.0
2025-06-18 11:42:08.307919,2334.6,59287.0,81151.0
2025-06-18 11:42:08.678501,2334.6,59268.0,81185.0
2025-06-18 11:42:13.787207,2334.6,59446.0,81204.0
2025-06-18 11:42:16.304740,2334.9,59446.0,81204.0
2025-06-18 11:42:18.305542,2334.9,59446.0,81204.0
2025-06-18 11:42:18.583867,2334.9,59782.0,81228.0
2025-06-18 11:42:22.305911,2334.6,59782.0,81228.0
2025-06-18 11:42:23.992512,2334.6,59800.0,81434.0
2025-06-18 11:42:26.320643,2334.6,59800.0,81434.0
2025-06-18 11:42:28.370911,2334.6,59800.0,81434.0
2025-06-18 11:42:29.192468,2334.6,59734.0,81526.0
2025-06-18 11:42:34.201838,2334.6,59573.0,81557.0
2025-06-18 11:42:36.827211,2334.5,59573.0,81557.0
2025-06-18 11:42:38.308402,2334.6,59573.0,81557.0
2025-06-18 11:42:39.403130,2334.6,59763.0,81463.0
2025-06-18 11:42:40.315993,2334.6,59763.0,81463.0
2025-06-18 11:42:42.322076,2334.5,59763.0,81463.0
2025-06-18 11:42:44.310910,2334.6,59763.0,81463.0
2025-06-18 11:42:45.005975,2334.6,58590.0,82048.0
2025-06-18 11:42:50.315139,2334.4,58590.0,82048.0
2025-06-18 11:42:50.709187,2334.4,59001.0,81882.0
2025-06-18 11:42:52.255917,2334.4,59001.0,81882.0
2025-06-18 11:42:52.492728,2334.4,59001.0,81882.0
2025-06-18 11:42:53.341763,2334.4,59001.0,81882.0
2025-06-18 11:42:54.569741,2334.4,59001.0,81882.0
2025-06-18 11:42:55.542560,2334.4,59001.0,81882.0
2025-06-18 11:42:56.115270,2334.4,58765.0,81888.0
2025-06-18 11:42:56.352194,2334.4,58765.0,81888.0
2025-06-18 11:42:56.388924,2334.4,58765.0,81888.0
2025-06-18 11:42:57.214994,2334.4,58765.0,81888.0
2025-06-18 11:42:58.292600,2334.4,58765.0,81888.0
2025-06-18 11:42:58.338885,2334.0,58765.0,81888.0
2025-06-18 11:42:58.872882,2334.0,58765.0,81888.0
2025-06-18 11:42:59.289103,2334.0,58765.0,81888.0
2025-06-18 11:43:00.155313,2334.0,58765.0,81888.0
2025-06-18 11:43:00.313989,2334.4,58765.0,81888.0
2025-06-18 11:43:01.037926,2334.4,58765.0,81888.0
2025-06-18 11:43:01.216067,2334.4,58443.0,82140.0
2025-06-18 11:43:02.302048,2334.4,58443.0,82140.0
2025-06-18 11:43:03.166943,2334.4,58443.0,82140.0
2025-06-18 11:43:04.336496,2333.7,58443.0,82140.0
2025-06-18 11:43:04.575451,2333.7,58443.0,82140.0
2025-06-18 11:43:05.728075,2333.7,58443.0,82140.0
2025-06-18 11:43:06.219500,2333.7,58372.0,82348.0
2025-06-18 11:43:06.871591,2333.7,58372.0,82348.0
2025-06-18 11:43:08.440345,2333.7,58372.0,82348.0
2025-06-18 11:43:11.418939,2334.4,58467.0,82382.0
2025-06-18 11:43:12.337384,2334.4,58467.0,82382.0
2025-06-18 11:43:16.325482,2334.2,58467.0,82382.0
2025-06-18 11:43:17.121898,2334.2,59023.0,82460.0
2025-06-18 11:43:18.362297,2334.0,59023.0,82460.0
2025-06-18 11:43:22.316391,2333.7,59023.0,82460.0
2025-06-18 11:43:22.424350,2333.7,59069.0,81882.0
2025-06-18 11:43:24.319251,2334.2,59069.0,81882.0
2025-06-18 11:43:26.345313,2333.7,59069.0,81882.0
2025-06-18 11:43:27.430445,2334.1,59210.0,82075.0
2025-06-18 11:43:28.368233,2333.8,59210.0,82075.0
2025-06-18 11:43:33.118152,2334.1,59210.0,82075.0
2025-06-18 11:43:33.155826,2333.7,58972.0,82078.0
2025-06-18 11:43:34.324875,2333.7,58972.0,82078.0
2025-06-18 11:43:36.328925,2334.1,58972.0,82078.0
2025-06-18 11:43:38.037151,2334.1,58638.0,82214.0
2025-06-18 11:43:42.842557,2333.8,58638.0,82214.0
2025-06-18 11:43:43.443022,2333.8,58698.0,82240.0
2025-06-18 11:43:44.387244,2334.3,58698.0,82240.0
2025-06-18 11:43:49.962837,2334.3,57105.0,82733.0
2025-06-18 11:43:52.331626,2334.2,57105.0,82733.0
2025-06-18 11:43:54.362546,2334.2,57479.0,82817.0
2025-06-18 11:43:56.309843,2334.2,57479.0,82817.0
2025-06-18 11:43:58.309639,2334.2,57479.0,82817.0
2025-06-18 11:43:59.456128,2334.2,56852.0,82846.0
2025-06-18 11:44:04.316339,2334.2,56852.0,82846.0
2025-06-18 11:44:04.556877,2334.2,56661.0,82963.0
2025-06-18 11:44:08.318824,2334.2,56661.0,82963.0
2025-06-18 11:44:09.560808,2334.2,56795.0,82922.0
2025-06-18 11:44:15.177385,2334.2,56819.0,82886.0
2025-06-18 11:44:19.972138,2334.2,56954.0,82535.0
2025-06-18 11:44:20.326959,2334.2,56954.0,82535.0
2025-06-18 11:44:24.326100,2334.2,56954.0,82535.0
2025-06-18 11:44:24.877731,2334.2,56759.0,82792.0
2025-06-18 11:44:26.321260,2334.2,56759.0,82792.0
2025-06-18 11:44:28.317054,2334.1,56759.0,82792.0
2025-06-18 11:44:29.978732,2334.1,56977.0,82949.0
2025-06-18 11:44:30.315366,2334.1,56977.0,82949.0
2025-06-18 11:44:34.323078,2333.6,56977.0,82949.0
2025-06-18 11:44:34.678948,2333.6,57697.0,83269.0
2025-06-18 11:44:38.314201,2333.5,57697.0,83269.0
2025-06-18 11:44:39.793152,2333.5,57661.0,83474.0
2025-06-18 11:44:40.337735,2333.5,57661.0,83474.0
2025-06-18 11:44:44.529895,2333.5,57661.0,83474.0
2025-06-18 11:44:45.192004,2333.5,57570.0,83532.0
2025-06-18 11:44:46.317094,2333.5,57570.0,83532.0
2025-06-18 11:44:50.389326,2333.5,57464.0,83677.0
2025-06-18 11:44:52.316748,2333.5,57464.0,83677.0
2025-06-18 11:44:54.325742,2333.6,57464.0,83677.0
2025-06-18 11:44:55.093419,2333.6,57676.0,83519.0
2025-06-18 11:44:58.319169,2333.5,57676.0,83519.0
2025-06-18 11:45:00.500663,2333.5,57492.0,83698.0
2025-06-18 11:45:02.321516,2333.5,57492.0,83698.0
2025-06-18 11:45:04.319095,2333.4,57492.0,83698.0
2025-06-18 11:45:04.801407,2333.4,57451.0,83854.0
2025-06-18 11:45:08.317395,2333.4,57451.0,83854.0
2025-06-18 11:45:09.698427,2333.5,57604.0,83904.0
2025-06-18 11:45:10.316607,2333.5,57604.0,83904.0
2025-06-18 11:45:14.327247,2333.4,57604.0,83904.0
2025-06-18 11:45:14.403101,2333.4,57578.0,83710.0
2025-06-18 11:45:19.605914,2333.4,57528.0,83927.0
2025-06-18 11:45:20.317387,2333.5,57528.0,83927.0
2025-06-18 11:45:24.318049,2333.5,57528.0,83927.0
2025-06-18 11:45:24.815134,2333.5,57650.0,83855.0
2025-06-18 11:45:28.315787,2333.6,57650.0,83855.0
2025-06-18 11:45:29.613120,2333.6,57498.0,83877.0
2025-06-18 11:45:30.322565,2333.5,57498.0,83877.0
2025-06-18 11:45:32.319355,2333.7,57498.0,83877.0
2025-06-18 11:45:34.557852,2333.9,57498.0,83877.0
2025-06-18 11:45:34.593220,2333.9,58579.0,82328.0
2025-06-18 11:45:38.590667,2333.9,58579.0,82328.0
2025-06-18 11:45:39.118778,2333.9,58788.0,82743.0
2025-06-18 11:45:44.022799,2333.9,58809.0,82646.0
2025-06-18 11:45:48.722319,2333.9,59009.0,82725.0
2025-06-18 11:45:52.728314,2333.9,59009.0,82725.0
2025-06-18 11:45:53.811021,2333.9,59009.0,82725.0
2025-06-18 11:45:53.927915,2333.7,58702.0,82777.0
2025-06-18 11:45:54.322979,2333.7,58702.0,82777.0
2025-06-18 11:45:54.725459,2333.7,58702.0,82777.0
2025-06-18 11:45:55.828895,2333.7,58702.0,82777.0
2025-06-18 11:45:56.313774,2334.1,58702.0,82777.0
2025-06-18 11:45:56.705758,2334.1,58702.0,82777.0
2025-06-18 11:45:57.519388,2334.1,58702.0,82777.0
2025-06-18 11:45:58.646234,2334.1,58702.0,82777.0
2025-06-18 11:45:59.029269,2334.1,58450.0,82684.0
2025-06-18 11:45:59.224533,2334.1,58450.0,82684.0
2025-06-18 11:46:00.067187,2334.1,58450.0,82684.0
2025-06-18 11:46:01.332811,2334.1,58450.0,82684.0
2025-06-18 11:46:02.325915,2334.1,58450.0,82684.0
2025-06-18 11:46:02.595523,2334.1,58450.0,82684.0
2025-06-18 11:46:03.456098,2334.1,58450.0,82684.0
2025-06-18 11:46:04.031333,2334.1,58053.0,82375.0
2025-06-18 11:46:04.853641,2334.1,58053.0,82375.0
2025-06-18 11:46:06.024041,2334.1,58053.0,82375.0
2025-06-18 11:46:06.321748,2334.3,58053.0,82375.0
2025-06-18 11:46:07.141372,2334.3,58053.0,82375.0
2025-06-18 11:46:08.630330,2334.3,58053.0,82375.0
2025-06-18 11:46:09.246396,2334.3,58239.0,82427.0
2025-06-18 11:46:12.322311,2334.3,58239.0,82427.0
2025-06-18 11:46:14.438334,2334.3,58153.0,82293.0
2025-06-18 11:46:16.316317,2334.0,58153.0,82293.0
2025-06-18 11:46:19.342878,2333.5,58419.0,80434.0
2025-06-18 11:46:20.331105,2333.5,58419.0,80434.0
2025-06-18 11:46:22.385675,2334.3,58419.0,80434.0
2025-06-18 11:46:24.339195,2334.3,58419.0,80434.0
2025-06-18 11:46:24.344412,2334.3,58401.0,82094.0
2025-06-18 11:46:28.323774,2333.5,58401.0,82094.0
2025-06-18 11:46:29.248529,2333.5,58239.0,82517.0
2025-06-18 11:46:33.185613,2334.3,58239.0,82517.0
2025-06-18 11:46:34.151866,2334.3,58175.0,82369.0
2025-06-18 11:46:39.052456,2334.3,58523.0,82391.0
2025-06-18 11:46:40.319301,2333.8,58523.0,82391.0
2025-06-18 11:46:43.354751,2334.0,58523.0,82391.0
2025-06-18 11:46:43.755440,2334.0,58518.0,82308.0
2025-06-18 11:46:47.683236,2334.0,58518.0,82308.0
2025-06-18 11:46:48.360096,2334.0,58429.0,82119.0
2025-06-18 11:46:51.316359,2334.0,58429.0,82119.0
2025-06-18 11:46:53.264747,2334.0,58486.0,82110.0
2025-06-18 11:46:54.322145,2334.0,58486.0,82110.0
2025-06-18 11:46:55.324705,2334.0,58486.0,82110.0
2025-06-18 11:46:56.324126,2334.0,58486.0,82110.0
2025-06-18 11:46:57.326795,2334.0,58486.0,82110.0
2025-06-18 11:46:58.268672,2334.0,58551.0,81670.0
2025-06-18 11:47:00.322971,2334.0,58551.0,81670.0
2025-06-18 11:47:02.868807,2334.0,58645.0,81565.0
2025-06-18 11:47:03.358730,2334.0,58645.0,81565.0
2025-06-18 11:47:07.869047,2334.0,58761.0,81964.0
2025-06-18 11:47:08.324329,2334.0,58761.0,81964.0
2025-06-18 11:47:13.281969,2334.1,58754.0,82033.0
2025-06-18 11:47:14.322416,2334.1,58754.0,82033.0
2025-06-18 11:47:16.327623,2334.1,58754.0,82033.0
2025-06-18 11:47:18.324872,2334.0,58754.0,82033.0
2025-06-18 11:47:18.576478,2334.0,58640.0,81963.0
2025-06-18 11:47:22.327614,2334.0,58640.0,81963.0
2025-06-18 11:47:23.580724,2334.0,58066.0,82407.0
2025-06-18 11:47:28.341451,2334.1,58066.0,82407.0
2025-06-18 11:47:28.679656,2334.1,57961.0,82070.0
2025-06-18 11:47:30.330292,2334.3,57961.0,82070.0
2025-06-18 11:47:33.883056,2334.3,58259.0,82285.0
2025-06-18 11:47:36.352054,2334.0,58259.0,82285.0
2025-06-18 11:47:38.321360,2334.3,58259.0,82285.0
2025-06-18 11:47:39.302084,2334.3,58126.0,82077.0
2025-06-18 11:47:42.386037,2334.1,58126.0,82077.0
2025-06-18 11:47:44.990983,2334.1,58545.0,81978.0
2025-06-18 11:47:46.326427,2334.1,58545.0,81978.0
2025-06-18 11:47:50.200411,2334.1,58253.0,82075.0
2025-06-18 11:47:53.085377,2334.3,58253.0,82075.0
2025-06-18 11:47:54.329601,2334.3,58253.0,82075.0
2025-06-18 11:47:55.197992,2334.3,58237.0,81540.0
2025-06-18 11:47:58.358345,2334.5,58237.0,81540.0
2025-06-18 11:48:00.300105,2334.7,58184.0,79645.0
2025-06-18 11:48:00.340173,2334.7,58184.0,79645.0
2025-06-18 11:48:05.196571,2334.7,58353.0,81726.0
2025-06-18 11:48:10.311461,2335.0,58261.0,79368.0
2025-06-18 11:48:10.340068,2335.0,58261.0,79368.0
2025-06-18 11:48:12.327281,2335.1,58261.0,79368.0
2025-06-18 11:48:15.402431,2335.1,58188.0,81370.0
2025-06-18 11:48:16.324258,2335.1,58188.0,81370.0
2025-06-18 11:48:20.604822,2335.1,58848.0,81255.0
2025-06-18 11:48:25.706428,2335.1,58864.0,81255.0
2025-06-18 11:48:30.817603,2335.1,58599.0,81377.0
2025-06-18 11:48:34.329657,2335.2,58599.0,81377.0
2025-06-18 11:48:36.115379,2335.2,58663.0,81272.0
2025-06-18 11:48:40.328435,2334.2,58663.0,81272.0
2025-06-18 11:48:41.017772,2334.2,58541.0,80847.0
2025-06-18 11:48:42.332714,2335.0,58541.0,80847.0
2025-06-18 11:48:45.721220,2335.0,58330.0,80201.0
2025-06-18 11:48:46.327460,2334.0,58330.0,80201.0
2025-06-18 11:48:48.327113,2334.2,58330.0,80201.0
2025-06-18 11:48:50.329602,2334.3,58330.0,80201.0
2025-06-18 11:48:50.624751,2334.3,58712.0,79967.0
2025-06-18 11:48:52.329972,2334.3,58712.0,79967.0
2025-06-18 11:48:53.234947,2334.3,58712.0,79967.0
2025-06-18 11:48:54.311375,2334.3,58712.0,79967.0
2025-06-18 11:48:54.359214,2334.3,58712.0,79967.0
2025-06-18 11:48:55.233989,2334.3,58712.0,79967.0
2025-06-18 11:48:55.726472,2334.3,58615.0,82071.0
2025-06-18 11:48:56.204270,2334.3,58615.0,82071.0
2025-06-18 11:48:57.115843,2334.3,58615.0,82071.0
2025-06-18 11:48:58.329539,2334.3,58615.0,82071.0
2025-06-18 11:48:59.029268,2334.3,58615.0,82071.0
2025-06-18 11:48:59.601096,2334.3,58615.0,82071.0
2025-06-18 11:49:00.326525,2334.2,58615.0,82071.0
2025-06-18 11:49:00.522431,2334.2,58615.0,82071.0
2025-06-18 11:49:00.544586,2334.2,58264.0,82126.0
2025-06-18 11:49:00.889141,2334.2,58264.0,82126.0
2025-06-18 11:49:01.874835,2334.2,58264.0,82126.0
2025-06-18 11:49:02.325248,2334.2,58264.0,82126.0
2025-06-18 11:49:03.030304,2334.2,58264.0,82126.0
2025-06-18 11:49:04.335391,2334.3,58264.0,82126.0
2025-06-18 11:49:05.298000,2334.3,58264.0,82126.0
2025-06-18 11:49:05.640163,2334.3,58132.0,81993.0
2025-06-18 11:49:06.328891,2334.3,58132.0,81993.0
2025-06-18 11:49:06.443546,2334.3,58132.0,81993.0
2025-06-18 11:49:07.570000,2334.3,58132.0,81993.0
2025-06-18 11:49:09.061760,2334.3,58132.0,81993.0
2025-06-18 11:49:10.328880,2334.1,58132.0,81993.0
2025-06-18 11:49:10.690803,2334.1,58380.0,82256.0
2025-06-18 11:49:12.390826,2334.1,58380.0,82256.0
2025-06-18 11:49:14.336775,2334.4,58380.0,82256.0
2025-06-18 11:49:15.538314,2334.4,57319.0,81922.0
2025-06-18 11:49:20.443435,2334.4,58110.0,82077.0
2025-06-18 11:49:24.332898,2334.0,58110.0,82077.0
2025-06-18 11:49:25.447144,2334.0,58125.0,82138.0
2025-06-18 11:49:28.332947,2333.9,58125.0,82138.0
2025-06-18 11:49:30.155595,2334.3,58036.0,82126.0
2025-06-18 11:49:30.336001,2334.3,58036.0,82126.0
2025-06-18 11:49:32.337664,2334.3,58036.0,82126.0
2025-06-18 11:49:35.456769,2334.3,57309.0,82257.0
2025-06-18 11:49:38.333086,2334.3,57309.0,82257.0
2025-06-18 11:49:40.332179,2335.5,57309.0,82257.0
2025-06-18 11:49:40.558124,2335.5,57973.0,81652.0
2025-06-18 11:49:42.342531,2334.2,57973.0,81652.0
2025-06-18 11:49:44.330288,2335.1,57973.0,81652.0
2025-06-18 11:49:45.561410,2335.1,58397.0,81520.0
2025-06-18 11:49:48.334075,2335.1,58397.0,81520.0
2025-06-18 11:49:50.468037,2335.1,57528.0,82342.0
2025-06-18 11:49:52.335368,2334.9,57528.0,82342.0
2025-06-18 11:49:54.336554,2334.0,57528.0,82342.0
2025-06-18 11:49:55.170532,2334.3,56900.0,82989.0
2025-06-18 11:49:56.331334,2334.3,56900.0,82989.0
2025-06-18 11:49:59.571640,2334.3,57055.0,83034.0
2025-06-18 11:50:04.181303,2333.9,56958.0,82772.0
2025-06-18 11:50:04.333039,2333.9,56958.0,82772.0
2025-06-18 11:50:06.393900,2333.9,56958.0,82772.0
2025-06-18 11:50:09.278971,2333.9,56809.0,82948.0
2025-06-18 11:50:10.493956,2333.9,56809.0,82948.0
2025-06-18 11:50:12.331648,2334.0,56809.0,82948.0
2025-06-18 11:50:14.183650,2334.0,56778.0,83043.0
2025-06-18 11:50:19.077146,2334.0,56584.0,83109.0
2025-06-18 11:50:20.335415,2334.0,56584.0,83109.0
2025-06-18 11:50:22.333957,2334.0,56584.0,83109.0
2025-06-18 11:50:24.287931,2334.0,56766.0,83026.0
2025-06-18 11:50:26.330939,2334.0,56766.0,83026.0
2025-06-18 11:50:28.328124,2334.0,56766.0,83026.0
2025-06-18 11:50:29.285967,2334.0,56813.0,83065.0
2025-06-18 11:50:34.087571,2334.0,56746.0,83094.0
2025-06-18 11:50:34.333617,2334.0,56746.0,83094.0
2025-06-18 11:50:38.345560,2333.9,56746.0,83094.0
2025-06-18 11:50:39.192796,2333.9,56672.0,83096.0
2025-06-18 11:50:42.336799,2334.0,56672.0,83096.0
2025-06-18 11:50:44.330681,2334.0,56672.0,83096.0
2025-06-18 11:50:44.389028,2334.0,56685.0,83057.0
2025-06-18 11:50:46.333863,2334.0,56685.0,83057.0
2025-06-18 11:50:49.318456,2334.0,56711.0,83015.0
2025-06-18 11:50:54.093085,2334.0,56772.0,83068.0
2025-06-18 11:50:58.598191,2334.0,56524.0,83127.0
2025-06-18 11:51:00.337938,2334.0,56524.0,83127.0
2025-06-18 11:51:02.326303,2334.0,56524.0,83127.0
2025-06-18 11:51:02.811945,2334.0,56739.0,83112.0
2025-06-18 11:51:04.331507,2333.9,56739.0,83112.0
2025-06-18 11:51:07.403177,2333.9,56722.0,83183.0
2025-06-18 11:51:12.370225,2333.7,56722.0,83183.0
2025-06-18 11:51:12.707227,2333.7,56275.0,83543.0
2025-06-18 11:51:14.342305,2333.6,56275.0,83543.0
2025-06-18 11:51:18.327576,2333.7,56924.0,81196.0
2025-06-18 11:51:18.346800,2333.7,56924.0,81196.0
2025-06-18 11:51:20.567943,2333.5,56924.0,81196.0
2025-06-18 11:51:22.355000,2333.4,56924.0,81196.0
2025-06-18 11:51:23.510283,2333.6,57005.0,82906.0
2025-06-18 11:51:24.376281,2333.6,57005.0,82906.0
2025-06-18 11:51:26.367382,2333.4,57005.0,82906.0
2025-06-18 11:51:28.410775,2333.6,57037.0,81171.0
2025-06-18 11:51:28.415223,2333.6,57037.0,81171.0
2025-06-18 11:51:30.488273,2333.4,57037.0,81171.0
2025-06-18 11:51:32.383311,2333.4,57037.0,81171.0
2025-06-18 11:51:33.118152,2333.4,57287.0,81286.0
2025-06-18 11:51:34.354396,2333.3,57287.0,81286.0
2025-06-18 11:51:38.320227,2333.3,57211.0,83205.0
2025-06-18 11:51:38.359350,2333.3,57211.0,83205.0
2025-06-18 11:51:40.340372,2333.4,57211.0,83205.0
2025-06-18 11:51:42.338101,2333.2,57211.0,83205.0
2025-06-18 11:51:43.222585,2333.2,57298.0,83422.0
2025-06-18 11:51:48.025528,2333.2,57275.0,83383.0
2025-06-18 11:51:50.339601,2333.2,57275.0,83383.0
2025-06-18 11:51:52.342395,2333.0,57275.0,83383.0
2025-06-18 11:51:52.633345,2333.0,57180.0,83594.0
2025-06-18 11:51:53.674242,2333.0,57180.0,83594.0
2025-06-18 11:51:54.347677,2333.2,57180.0,83594.0
2025-06-18 11:51:54.754915,2333.2,57180.0,83594.0
2025-06-18 11:51:55.684081,2333.2,57180.0,83594.0
2025-06-18 11:51:56.656110,2333.2,57180.0,83594.0
2025-06-18 11:51:57.635932,2333.2,57250.0,83763.0
2025-06-18 11:51:57.674041,2333.2,57250.0,83763.0
2025-06-18 11:51:58.343436,2333.2,57250.0,83763.0
2025-06-18 11:51:58.502362,2333.2,57250.0,83763.0
2025-06-18 11:51:59.601534,2333.2,57250.0,83763.0
2025-06-18 11:52:00.177067,2333.2,57250.0,83763.0
2025-06-18 11:52:00.338923,2333.2,57250.0,83763.0
2025-06-18 11:52:00.591735,2333.2,57250.0,83763.0
2025-06-18 11:52:01.090157,2333.2,57250.0,83763.0
2025-06-18 11:52:02.344741,2333.2,56918.0,83646.0
2025-06-18 11:52:02.355288,2333.2,56918.0,83646.0
2025-06-18 11:52:03.640489,2333.2,56918.0,83646.0
2025-06-18 11:52:04.490598,2333.2,56918.0,83646.0
2025-06-18 11:52:05.887668,2333.2,56918.0,83646.0
2025-06-18 11:52:06.340612,2333.1,56918.0,83646.0
2025-06-18 11:52:07.046603,2333.1,56918.0,83646.0
2025-06-18 11:52:07.048162,2333.1,56921.0,83739.0
2025-06-18 11:52:08.181990,2333.1,56921.0,83739.0
2025-06-18 11:52:09.667235,2333.1,56921.0,83739.0
2025-06-18 11:52:10.347353,2333.1,56921.0,83739.0
2025-06-18 11:52:11.746792,2333.1,56704.0,83439.0
2025-06-18 11:52:12.346738,2333.1,56704.0,83439.0
2025-06-18 11:52:14.360205,2333.1,56704.0,83439.0
2025-06-18 11:52:16.551507,2333.1,56778.0,83312.0
2025-06-18 11:52:20.340560,2333.2,56778.0,83312.0
2025-06-18 11:52:21.254256,2333.3,56853.0,82405.0
2025-06-18 11:52:22.350710,2333.3,56853.0,82405.0
2025-06-18 11:52:24.348390,2333.3,56853.0,82405.0
2025-06-18 11:52:26.376455,2333.3,56853.0,82405.0
2025-06-18 11:52:26.463302,2333.3,56507.0,82121.0
2025-06-18 11:52:28.341808,2333.4,56507.0,82121.0
2025-06-18 11:52:31.212995,2333.4,56431.0,82289.0
2025-06-18 11:52:34.418835,2333.5,56431.0,82289.0
2025-06-18 11:52:35.664693,2334.0,57253.0,82104.0
2025-06-18 11:52:36.340618,2334.0,57253.0,82104.0
2025-06-18 11:52:40.355211,2333.2,57253.0,82104.0
2025-06-18 11:52:40.372638,2333.2,56874.0,82133.0
2025-06-18 11:52:44.344195,2333.6,56874.0,82133.0
2025-06-18 11:52:45.170273,2333.6,57257.0,82139.0
2025-06-18 11:52:46.394503,2333.7,57257.0,82139.0
2025-06-18 11:52:49.872834,2333.9,57141.0,81914.0
2025-06-18 11:52:50.351359,2333.9,57141.0,81914.0
2025-06-18 11:52:52.344389,2333.9,57141.0,81914.0
2025-06-18 11:52:54.407437,2333.9,57141.0,81914.0
2025-06-18 11:52:54.478483,2333.9,57043.0,81858.0
2025-06-18 11:52:56.346395,2333.9,57043.0,81858.0
2025-06-18 11:52:58.345486,2334.0,57043.0,81858.0
2025-06-18 11:52:59.184075,2334.0,57173.0,79694.0
2025-06-18 11:53:04.285823,2334.0,57327.0,81849.0
2025-06-18 11:53:06.347335,2333.9,57327.0,81849.0
2025-06-18 11:53:09.488932,2333.9,57156.0,81852.0
2025-06-18 11:53:12.356780,2334.0,57156.0,81852.0
2025-06-18 11:53:14.294382,2334.0,56853.0,81767.0
2025-06-18 11:53:14.349588,2334.0,56853.0,81767.0
2025-06-18 11:53:18.347504,2334.6,56853.0,81767.0
2025-06-18 11:53:18.805390,2334.6,56790.0,81750.0
2025-06-18 11:53:23.379677,2334.3,56790.0,81750.0
2025-06-18 11:53:23.501303,2334.3,57896.0,81242.0
2025-06-18 11:53:24.351550,2334.6,57896.0,81242.0
2025-06-18 11:53:28.102421,2334.6,57825.0,81281.0
2025-06-18 11:53:30.362164,2334.6,57825.0,81281.0
2025-06-18 11:53:32.412072,2334.6,56499.0,81322.0
2025-06-18 11:53:33.359161,2334.6,56499.0,81322.0
2025-06-18 11:53:34.352880,2334.6,56499.0,81322.0
2025-06-18 11:53:36.910356,2334.6,56627.0,81257.0
2025-06-18 11:53:41.359543,2334.0,56627.0,81257.0
2025-06-18 11:53:41.714129,2334.0,57386.0,81339.0
2025-06-18 11:53:42.364411,2333.9,57386.0,81339.0
2025-06-18 11:53:46.413636,2334.4,57341.0,81590.0
2025-06-18 11:53:47.379053,2334.4,57341.0,81590.0
2025-06-18 11:53:48.349078,2334.3,57341.0,81590.0
2025-06-18 11:53:50.359117,2333.9,57341.0,81590.0
2025-06-18 11:53:51.019007,2333.9,57540.0,81649.0
2025-06-18 11:53:52.356161,2334.2,57540.0,81649.0
2025-06-18 11:53:55.722014,2334.2,57698.0,81815.0
2025-06-18 11:54:00.333820,2334.2,57710.0,81858.0
2025-06-18 11:54:01.350124,2334.2,57710.0,81858.0
2025-06-18 11:54:03.390988,2333.9,57710.0,81858.0
2025-06-18 11:54:04.839185,2333.9,57660.0,81950.0
2025-06-18 11:54:06.414227,2334.2,57660.0,81950.0
2025-06-18 11:54:08.373544,2334.2,57660.0,81950.0
2025-06-18 11:54:09.632134,2334.2,57310.0,81785.0
2025-06-18 11:54:12.363380,2334.0,57310.0,81785.0
2025-06-18 11:54:14.236151,2334.0,57162.0,82156.0
2025-06-18 11:54:16.374299,2334.0,57162.0,82156.0
2025-06-18 11:54:18.637516,2334.0,57680.0,82004.0
2025-06-18 11:54:23.238713,2334.0,57536.0,81928.0
2025-06-18 11:54:24.355728,2334.0,57536.0,81928.0
2025-06-18 11:54:27.742318,2334.0,57650.0,80050.0
2025-06-18 11:54:28.350972,2334.1,57650.0,80050.0
2025-06-18 11:54:32.246263,2334.1,57651.0,82042.0
2025-06-18 11:54:32.359093,2334.0,57651.0,82042.0
2025-06-18 11:54:36.353501,2334.1,57651.0,82042.0
2025-06-18 11:54:37.050955,2334.1,57866.0,82105.0
2025-06-18 11:54:42.252149,2334.1,57843.0,82072.0
2025-06-18 11:54:46.355996,2334.1,57843.0,82072.0
2025-06-18 11:54:47.662905,2334.1,57686.0,81768.0
2025-06-18 11:54:49.357808,2334.1,57686.0,81768.0
2025-06-18 11:54:52.350430,2334.5,57686.0,81768.0
2025-06-18 11:54:52.762840,2334.5,58124.0,81617.0
2025-06-18 11:54:54.390939,2334.5,58124.0,81617.0
2025-06-18 11:54:55.407851,2334.5,58124.0,81617.0
2025-06-18 11:54:56.391757,2334.5,58124.0,81617.0
2025-06-18 11:54:56.413392,2334.5,58124.0,81617.0
2025-06-18 11:54:57.300269,2334.5,58124.0,81617.0
2025-06-18 11:54:57.463022,2334.5,58628.0,81687.0
2025-06-18 11:54:58.206224,2334.5,58628.0,81687.0
2025-06-18 11:54:59.173059,2334.5,58628.0,81687.0
2025-06-18 11:55:00.272994,2334.5,58628.0,81687.0
2025-06-18 11:55:01.258736,2334.5,58628.0,81687.0
2025-06-18 11:55:02.147173,2334.5,58628.0,81687.0
2025-06-18 11:55:02.372805,2334.5,58050.0,81615.0
2025-06-18 11:55:03.016651,2334.5,58050.0,81615.0
2025-06-18 11:55:05.141191,2334.5,58050.0,81615.0
2025-06-18 11:55:05.260082,2334.5,58050.0,81615.0
2025-06-18 11:55:06.556378,2334.5,58050.0,81615.0
2025-06-18 11:55:07.469888,2334.5,58024.0,81568.0
2025-06-18 11:55:07.680154,2334.5,58024.0,81568.0
2025-06-18 11:55:08.874947,2334.5,58024.0,81568.0
2025-06-18 11:55:10.396894,2334.5,58024.0,81568.0
2025-06-18 11:55:10.445528,2334.5,58024.0,81568.0
2025-06-18 11:55:12.774216,2334.5,58006.0,81629.0
2025-06-18 11:55:14.373157,2334.5,58006.0,81629.0
2025-06-18 11:55:16.393206,2334.5,58006.0,81629.0
2025-06-18 11:55:17.680579,2334.5,58011.0,81701.0
2025-06-18 11:55:20.526271,2334.4,58011.0,81701.0
2025-06-18 11:55:22.387318,2334.5,58011.0,81701.0
2025-06-18 11:55:22.579720,2334.5,57966.0,81521.0
2025-06-18 11:55:24.354158,2334.5,57966.0,81521.0
2025-06-18 11:55:27.781272,2334.5,58114.0,81347.0
2025-06-18 11:55:30.391630,2334.5,58114.0,81347.0
2025-06-18 11:55:32.982005,2334.5,58086.0,81362.0
2025-06-18 11:55:36.384206,2334.5,58086.0,81362.0
2025-06-18 11:55:38.086787,2334.7,58031.0,81327.0
2025-06-18 11:55:38.386595,2334.7,58031.0,81327.0
2025-06-18 11:55:42.356368,2334.7,58031.0,81327.0
2025-06-18 11:55:43.292183,2334.7,58111.0,81450.0
2025-06-18 11:55:46.362384,2334.7,58111.0,81450.0
2025-06-18 11:55:48.094477,2334.7,58277.0,81413.0
2025-06-18 11:55:48.388935,2334.7,58277.0,81413.0
2025-06-18 11:55:52.905990,2334.7,58209.0,81526.0
2025-06-18 11:55:56.364423,2334.5,58209.0,81526.0
2025-06-18 11:55:57.899811,2334.5,58027.0,81535.0
2025-06-18 11:56:02.896564,2334.5,58243.0,81545.0
2025-06-18 11:56:07.901711,2334.7,58652.0,81484.0
2025-06-18 11:56:08.362255,2334.7,58652.0,81484.0
2025-06-18 11:56:12.909067,2334.7,58978.0,81466.0
2025-06-18 11:56:16.423841,2334.6,58978.0,81466.0
2025-06-18 11:56:17.409968,2334.6,59182.0,81374.0
2025-06-18 11:56:18.369265,2334.5,59182.0,81374.0
2025-06-18 11:56:20.372429,2334.6,59182.0,81374.0
2025-06-18 11:56:22.015065,2334.6,58968.0,80848.0
2025-06-18 11:56:22.365945,2334.6,58968.0,80848.0
2025-06-18 11:56:26.717331,2334.6,58968.0,81455.0
2025-06-18 11:56:31.420346,2334.6,59090.0,81456.0
2025-06-18 11:56:32.378796,2334.6,59090.0,81456.0
2025-06-18 11:56:34.379774,2334.6,59090.0,81456.0
2025-06-18 11:56:36.225733,2334.6,59070.0,81657.0
2025-06-18 11:56:36.580322,2334.6,59070.0,81657.0
2025-06-18 11:56:38.413816,2334.6,59070.0,81657.0
2025-06-18 11:56:40.361081,2334.7,59070.0,81657.0
2025-06-18 11:56:41.227425,2334.7,59023.0,81100.0
2025-06-18 11:56:46.230116,2334.7,58984.0,81664.0
2025-06-18 11:56:48.372422,2334.7,58984.0,81664.0
2025-06-18 11:56:50.366079,2334.7,58984.0,81664.0
2025-06-18 11:56:50.929545,2334.7,59085.0,81432.0
2025-06-18 11:56:52.374723,2334.5,59085.0,81432.0
2025-06-18 11:56:55.635504,2334.5,59105.0,81700.0
2025-06-18 11:57:00.348179,2334.5,59110.0,81718.0
2025-06-18 11:57:00.361427,2334.5,59110.0,81718.0
2025-06-18 11:57:04.369069,2334.0,59110.0,81718.0
2025-06-18 11:57:04.744522,2334.0,58795.0,81798.0
2025-06-18 11:57:09.666341,2334.0,59144.0,81700.0
2025-06-18 11:57:13.853319,2334.0,59092.0,81771.0
2025-06-18 11:57:18.953044,2334.4,58981.0,81858.0
2025-06-18 11:57:20.357094,2334.1,58981.0,81858.0
2025-06-18 11:57:22.367912,2334.4,58981.0,81858.0
2025-06-18 11:57:24.156245,2334.0,58522.0,82381.0
2025-06-18 11:57:24.367422,2334.0,58522.0,82381.0
2025-06-18 11:57:29.919415,2334.0,58755.0,82187.0
2025-06-18 11:57:30.363860,2334.0,58755.0,82187.0
2025-06-18 11:57:32.363255,2333.9,58755.0,82187.0
2025-06-18 11:57:34.368565,2334.0,58755.0,82187.0
2025-06-18 11:57:34.398843,2334.0,57616.0,82482.0
2025-06-18 11:57:36.358032,2333.9,57616.0,82482.0
2025-06-18 11:57:39.165786,2333.9,57873.0,82514.0
2025-06-18 11:57:42.366913,2333.6,57873.0,82514.0
2025-06-18 11:57:43.963819,2333.6,58218.0,82734.0
2025-06-18 11:57:48.674842,2333.6,57892.0,82902.0
2025-06-18 11:57:50.365250,2333.6,57892.0,82902.0
2025-06-18 11:57:53.271736,2333.6,57894.0,82848.0
2025-06-18 11:57:54.373618,2333.4,57894.0,82848.0
2025-06-18 11:57:54.994955,2333.4,57894.0,82848.0
2025-06-18 11:57:56.076063,2333.4,57894.0,82848.0
2025-06-18 11:57:56.368154,2333.2,57894.0,82848.0
2025-06-18 11:57:56.997868,2333.2,57894.0,82848.0
2025-06-18 11:57:57.973149,2333.2,57894.0,82848.0
2025-06-18 11:57:58.278676,2333.2,56510.0,83402.0
2025-06-18 11:57:58.875066,2333.2,56510.0,83402.0
2025-06-18 11:57:59.702861,2333.2,56510.0,83402.0
2025-06-18 11:58:00.360582,2333.0,56510.0,83402.0
2025-06-18 11:58:01.223648,2333.0,56510.0,83402.0
2025-06-18 11:58:02.217423,2333.0,56510.0,83402.0
2025-06-18 11:58:02.874881,2333.3,56445.0,83601.0
2025-06-18 11:58:03.079688,2333.3,56445.0,83601.0
2025-06-18 11:58:04.369414,2333.0,56445.0,83601.0
2025-06-18 11:58:05.249452,2333.0,56445.0,83601.0
2025-06-18 11:58:06.108254,2333.0,56445.0,83601.0
2025-06-18 11:58:06.360941,2333.2,56445.0,83601.0
2025-06-18 11:58:07.536413,2333.2,56445.0,83601.0
2025-06-18 11:58:08.080662,2333.0,56357.0,83860.0
2025-06-18 11:58:08.377852,2332.9,56357.0,83860.0
2025-06-18 11:58:08.678408,2332.9,56357.0,83860.0
2025-06-18 11:58:09.806396,2332.9,56357.0,83860.0
2025-06-18 11:58:10.362390,2333.0,56357.0,83860.0
2025-06-18 11:58:11.288286,2333.0,56357.0,83860.0
2025-06-18 11:58:12.368364,2332.9,56357.0,83860.0
2025-06-18 11:58:13.085059,2332.7,56022.0,83952.0
2025-06-18 11:58:14.369978,2332.7,56022.0,83952.0
2025-06-18 11:58:16.371187,2332.0,56022.0,83952.0
2025-06-18 11:58:17.884470,2332.0,56311.0,84018.0
2025-06-18 11:58:20.373613,2332.1,56311.0,84018.0
2025-06-18 11:58:22.376817,2332.6,56311.0,84018.0
2025-06-18 11:58:22.688418,2332.6,57181.0,83773.0
2025-06-18 11:58:24.399863,2332.8,57181.0,83773.0
2025-06-18 11:58:27.093630,2332.8,57086.0,83794.0
2025-06-18 11:58:28.378946,2332.8,57086.0,83794.0
2025-06-18 11:58:30.376139,2332.8,57086.0,83794.0
2025-06-18 11:58:31.697431,2332.8,57319.0,83631.0
2025-06-18 11:58:34.364933,2332.1,57319.0,83631.0
2025-06-18 11:58:36.303697,2332.1,57160.0,83742.0
2025-06-18 11:58:36.369634,2332.1,57160.0,83742.0
2025-06-18 11:58:38.368353,2332.7,57160.0,83742.0
2025-06-18 11:58:41.099263,2332.7,57605.0,83709.0
2025-06-18 11:58:44.376158,2332.5,57605.0,83709.0
2025-06-18 11:58:45.701252,2332.6,57759.0,83605.0
2025-06-18 11:58:46.365867,2332.6,57759.0,83605.0
2025-06-18 11:58:50.307882,2332.6,57324.0,83647.0
2025-06-18 11:58:52.378202,2332.6,57324.0,83647.0
2025-06-18 11:58:54.366252,2332.6,57324.0,83647.0
2025-06-18 11:58:54.913139,2332.6,56546.0,83975.0
2025-06-18 11:58:58.391812,2332.6,56546.0,83975.0
2025-06-18 11:58:59.415473,2332.6,56825.0,83636.0
2025-06-18 11:59:00.405258,2332.6,56825.0,83636.0
2025-06-18 11:59:02.375765,2332.6,56825.0,83636.0
2025-06-18 11:59:03.826921,2332.6,55874.0,83850.0
2025-06-18 11:59:04.392966,2332.6,55874.0,83850.0
2025-06-18 11:59:06.391746,2332.0,55874.0,83850.0
2025-06-18 11:59:08.421633,2332.0,56182.0,83745.0
2025-06-18 11:59:13.327276,2332.0,56082.0,83937.0
2025-06-18 11:59:14.378706,2332.2,56082.0,83937.0
2025-06-18 11:59:18.027320,2332.2,56046.0,83856.0
