timestamp,ltp,bid_qty,ask_qty
2025-06-18 11:01:36.689644,333.25,738323.0,1108365.0
2025-06-18 11:01:37.147624,333.25,738323.0,1108365.0
2025-06-18 11:01:39.039504,333.25,736862.0,1108822.0
2025-06-18 11:01:40.130273,333.25,736862.0,1108822.0
2025-06-18 11:01:41.138415,333.25,736862.0,1108822.0
2025-06-18 11:01:43.135502,333.25,736862.0,1108822.0
2025-06-18 11:01:43.851980,333.25,739453.0,1108221.0
2025-06-18 11:01:46.144146,333.3,739453.0,1108221.0
2025-06-18 11:01:47.147755,333.15,739453.0,1108221.0
2025-06-18 11:01:49.182139,333.3,739453.0,1108221.0
2025-06-18 11:01:49.182532,333.3,738654.0,1106749.0
2025-06-18 11:01:51.151716,333.25,738654.0,1106749.0
2025-06-18 11:01:53.143120,333.25,738654.0,1106749.0
2025-06-18 11:01:54.850829,333.15,731694.0,1113205.0
2025-06-18 11:01:55.150568,333.15,731694.0,1113205.0
2025-06-18 11:01:57.154326,333.15,731694.0,1113205.0
2025-06-18 11:01:59.145570,333.25,731694.0,1113205.0
2025-06-18 11:02:00.159688,333.25,735348.0,1109134.0
2025-06-18 11:02:01.148536,333.25,735348.0,1109134.0
2025-06-18 11:02:03.144876,333.25,735348.0,1109134.0
2025-06-18 11:02:05.205866,333.25,735348.0,1109134.0
2025-06-18 11:02:05.256256,333.25,734353.0,1108996.0
2025-06-18 11:02:07.146457,333.25,734353.0,1108996.0
2025-06-18 11:02:09.145490,333.25,734353.0,1108996.0
2025-06-18 11:02:10.567272,333.25,734393.0,1108499.0
2025-06-18 11:02:12.141053,333.25,734393.0,1108499.0
2025-06-18 11:02:13.149714,333.25,734393.0,1108499.0
2025-06-18 11:02:15.168855,333.2,734393.0,1108499.0
2025-06-18 11:02:16.190750,333.2,734763.0,1112153.0
2025-06-18 11:02:17.149499,333.2,734763.0,1112153.0
2025-06-18 11:02:19.141133,333.2,734763.0,1112153.0
2025-06-18 11:02:21.141780,333.2,734763.0,1112153.0
2025-06-18 11:02:21.269623,333.2,735137.0,1110197.0
2025-06-18 11:02:23.146852,333.2,735137.0,1110197.0
2025-06-18 11:02:25.144502,333.2,735137.0,1110197.0
2025-06-18 11:02:26.483457,333.2,732537.0,1114266.0
2025-06-18 11:02:28.141083,332.85,732537.0,1114266.0
2025-06-18 11:02:29.153840,333.05,732537.0,1114266.0
2025-06-18 11:02:31.485896,333.15,729321.0,1115809.0
2025-06-18 11:02:32.152097,333.2,729321.0,1115809.0
2025-06-18 11:02:33.151213,333.15,729321.0,1115809.0
2025-06-18 11:02:35.154804,333.2,729321.0,1115809.0
2025-06-18 11:02:36.879086,333.2,739954.0,1113610.0
2025-06-18 11:02:37.153346,333.2,739954.0,1113610.0
2025-06-18 11:02:39.197939,333.2,739954.0,1113610.0
2025-06-18 11:02:41.146360,333.2,739954.0,1113610.0
2025-06-18 11:02:42.188589,333.2,738269.0,1113599.0
2025-06-18 11:02:44.149514,333.2,738269.0,1113599.0
2025-06-18 11:02:45.179539,333.2,738269.0,1113599.0
2025-06-18 11:02:47.157804,333.2,738269.0,1113599.0
2025-06-18 11:02:47.389976,333.2,737651.0,1113943.0
2025-06-18 11:02:49.154823,333.2,737651.0,1113943.0
2025-06-18 11:02:51.232386,333.2,737651.0,1113943.0
2025-06-18 11:02:52.791017,333.2,739414.0,1114433.0
2025-06-18 11:02:53.154740,333.2,739414.0,1114433.0
2025-06-18 11:02:55.151799,333.15,739414.0,1114433.0
2025-06-18 11:02:57.156384,333.2,739414.0,1114433.0
2025-06-18 11:02:57.996438,333.2,739058.0,1112778.0
2025-06-18 11:02:59.154784,333.2,739058.0,1112778.0
2025-06-18 11:03:01.148370,333.2,739058.0,1112778.0
2025-06-18 11:03:02.096636,333.2,738014.0,1113354.0
2025-06-18 11:03:02.140332,333.2,738014.0,1113354.0
2025-06-18 11:03:03.043703,333.2,737694.0,1114315.0
2025-06-18 11:03:03.144329,333.2,737694.0,1114315.0
2025-06-18 11:03:03.999571,333.2,736671.0,1114542.0
2025-06-18 11:03:04.148840,333.2,736671.0,1114542.0
2025-06-18 11:03:04.897847,333.2,737166.0,1112636.0
2025-06-18 11:03:05.143538,333.2,737166.0,1112636.0
2025-06-18 11:03:05.898537,333.2,737812.0,1112418.0
2025-06-18 11:03:06.144175,333.15,737812.0,1112418.0
2025-06-18 11:03:06.901760,333.2,737458.0,1113500.0
2025-06-18 11:03:07.145268,333.2,737458.0,1113500.0
2025-06-18 11:03:07.899666,333.2,737888.0,1112588.0
2025-06-18 11:03:08.146783,333.2,737888.0,1112588.0
2025-06-18 11:03:09.000610,333.2,736882.0,1112724.0
2025-06-18 11:03:09.147570,333.2,736882.0,1112724.0
2025-06-18 11:03:10.101315,333.2,735939.0,1113395.0
2025-06-18 11:03:10.142933,333.2,735939.0,1113395.0
2025-06-18 11:03:11.147104,333.2,735939.0,1113395.0
2025-06-18 11:03:11.801486,333.2,735545.0,1114506.0
2025-06-18 11:03:12.144190,333.2,735545.0,1114506.0
2025-06-18 11:03:12.901635,333.2,735771.0,1114775.0
2025-06-18 11:03:13.143809,333.2,735771.0,1114775.0
2025-06-18 11:03:14.002085,333.2,736279.0,1114599.0
2025-06-18 11:03:14.151258,333.2,736279.0,1114599.0
2025-06-18 11:03:15.102722,333.2,736397.0,1114436.0
2025-06-18 11:03:15.142443,333.2,736397.0,1114436.0
2025-06-18 11:03:16.102871,333.15,736469.0,1114019.0
2025-06-18 11:03:16.148137,333.15,736469.0,1114019.0
2025-06-18 11:03:17.147032,333.2,736469.0,1114019.0
2025-06-18 11:03:17.204430,333.2,736917.0,1114379.0
2025-06-18 11:03:18.146687,333.2,736917.0,1114379.0
2025-06-18 11:03:18.302136,333.2,737651.0,1114532.0
2025-06-18 11:03:19.148248,333.2,737651.0,1114532.0
2025-06-18 11:03:19.403078,333.2,739026.0,1114359.0
2025-06-18 11:03:20.152444,333.2,739026.0,1114359.0
2025-06-18 11:03:20.504386,333.2,739545.0,1114267.0
2025-06-18 11:03:21.205072,333.2,739545.0,1114267.0
2025-06-18 11:03:21.405103,333.2,738979.0,1114648.0
2025-06-18 11:03:22.169042,333.2,738979.0,1114648.0
2025-06-18 11:03:22.504299,333.2,740210.0,1114261.0
2025-06-18 11:03:23.150477,333.2,740210.0,1114261.0
2025-06-18 11:03:23.605488,333.2,740211.0,1114211.0
2025-06-18 11:03:24.151428,333.2,740211.0,1114211.0
2025-06-18 11:03:24.707096,333.2,740466.0,1114447.0
2025-06-18 11:03:25.146090,333.2,740466.0,1114447.0
2025-06-18 11:03:25.806806,333.2,741596.0,1112441.0
2025-06-18 11:03:26.150337,333.15,741596.0,1112441.0
2025-06-18 11:03:26.909688,333.2,742288.0,1112410.0
2025-06-18 11:03:27.147156,333.2,742288.0,1112410.0
2025-06-18 11:03:27.909310,333.2,741841.0,1112729.0
2025-06-18 11:03:28.149655,333.2,741841.0,1112729.0
2025-06-18 11:03:28.911176,333.2,744226.0,1107587.0
2025-06-18 11:03:29.148907,333.2,744226.0,1107587.0
2025-06-18 11:03:30.009434,333.2,743777.0,1109061.0
2025-06-18 11:03:30.146020,333.2,743777.0,1109061.0
2025-06-18 11:03:31.112521,333.2,744885.0,1109782.0
2025-06-18 11:03:31.153449,333.2,744885.0,1109782.0
2025-06-18 11:03:32.150907,333.2,744885.0,1109782.0
2025-06-18 11:03:32.213374,333.2,745076.0,1112560.0
2025-06-18 11:03:33.147311,333.2,745076.0,1112560.0
2025-06-18 11:03:33.313777,333.2,746349.0,1112476.0
2025-06-18 11:03:34.154454,333.2,746349.0,1112476.0
2025-06-18 11:03:34.914334,333.2,748307.0,1109060.0
2025-06-18 11:03:35.149754,333.2,748307.0,1109060.0
2025-06-18 11:03:35.913773,333.2,749330.0,1111813.0
2025-06-18 11:03:36.222653,333.2,749330.0,1111813.0
2025-06-18 11:03:37.018976,333.2,749550.0,1111793.0
2025-06-18 11:03:37.150836,333.2,749550.0,1111793.0
2025-06-18 11:03:38.015089,333.2,749472.0,1111071.0
2025-06-18 11:03:38.152164,333.2,749472.0,1111071.0
2025-06-18 11:03:39.116258,333.2,750982.0,1110957.0
2025-06-18 11:03:39.147412,333.2,750982.0,1110957.0
2025-06-18 11:03:40.121786,333.2,750697.0,1110933.0
2025-06-18 11:03:40.146213,333.2,750697.0,1110933.0
2025-06-18 11:03:41.169395,333.2,750697.0,1110933.0
2025-06-18 11:03:41.318593,333.2,751267.0,1111625.0
2025-06-18 11:03:42.157101,333.2,751267.0,1111625.0
2025-06-18 11:03:42.318808,333.2,751137.0,1112585.0
2025-06-18 11:03:43.154660,333.25,751137.0,1112585.0
2025-06-18 11:03:43.317710,333.2,751171.0,1110141.0
2025-06-18 11:03:44.155095,333.2,751171.0,1110141.0
2025-06-18 11:03:44.418757,333.2,750215.0,1109885.0
2025-06-18 11:03:45.167411,333.3,750215.0,1109885.0
2025-06-18 11:03:45.421412,333.3,750784.0,1109736.0
2025-06-18 11:03:46.022374,333.3,750784.0,1109736.0
2025-06-18 11:03:46.169472,333.3,750784.0,1109736.0
2025-06-18 11:03:46.619959,333.25,750140.0,1112199.0
2025-06-18 11:03:47.071299,333.25,750140.0,1112199.0
2025-06-18 11:03:47.173742,333.25,750140.0,1112199.0
2025-06-18 11:03:47.519615,333.25,750185.0,1110682.0
2025-06-18 11:03:47.989993,333.25,750185.0,1110682.0
2025-06-18 11:03:48.163409,333.25,750185.0,1110682.0
2025-06-18 11:03:48.620261,333.25,750722.0,1105808.0
2025-06-18 11:03:48.889212,333.25,750722.0,1105808.0
2025-06-18 11:03:49.159870,333.25,750722.0,1105808.0
2025-06-18 11:03:49.720872,333.25,750812.0,1107306.0
2025-06-18 11:03:49.744627,333.25,750812.0,1107306.0
2025-06-18 11:03:50.155735,333.2,750812.0,1107306.0
2025-06-18 11:03:50.551411,333.2,750812.0,1107306.0
2025-06-18 11:03:50.721628,333.2,747499.0,1112729.0
2025-06-18 11:03:51.167908,333.15,747499.0,1112729.0
2025-06-18 11:03:51.587294,333.15,747499.0,1112729.0
2025-06-18 11:03:51.723971,333.2,747025.0,1112081.0
2025-06-18 11:03:52.193877,333.2,747025.0,1112081.0
2025-06-18 11:03:52.197244,333.2,747025.0,1112081.0
2025-06-18 11:03:52.724881,333.2,748679.0,1112089.0
2025-06-18 11:03:53.067494,333.2,748679.0,1112089.0
2025-06-18 11:03:53.197492,333.2,748679.0,1112089.0
2025-06-18 11:03:53.437723,333.2,748679.0,1112089.0
2025-06-18 11:03:53.825977,333.2,747692.0,1116712.0
2025-06-18 11:03:54.184874,333.2,747692.0,1116712.0
2025-06-18 11:03:54.448679,333.2,747692.0,1116712.0
2025-06-18 11:03:54.824384,333.2,747674.0,1116627.0
2025-06-18 11:03:55.161356,333.2,747674.0,1116627.0
2025-06-18 11:03:55.719766,333.2,747674.0,1116627.0
2025-06-18 11:03:55.828926,333.2,747996.0,1115832.0
2025-06-18 11:03:56.162730,333.2,747996.0,1115832.0
2025-06-18 11:03:56.580974,333.2,747996.0,1115832.0
2025-06-18 11:03:56.829709,333.2,747940.0,1116528.0
2025-06-18 11:04:00.410787,333.2,747940.0,1116528.0
2025-06-18 11:04:00.459072,333.2,748001.0,1116153.0
2025-06-18 11:04:00.463060,333.2,748001.0,1116153.0
2025-06-18 11:04:00.466644,333.2,748001.0,1116153.0
2025-06-18 11:04:00.510407,333.2,749577.0,1116012.0
2025-06-18 11:04:00.512703,333.2,749577.0,1116012.0
2025-06-18 11:04:00.514471,333.2,749577.0,1116012.0
2025-06-18 11:04:00.547555,333.2,751513.0,1113070.0
2025-06-18 11:04:00.548843,333.2,751513.0,1113070.0
2025-06-18 11:04:00.551016,333.2,751513.0,1113070.0
2025-06-18 11:04:01.185603,333.2,751513.0,1113070.0
2025-06-18 11:04:01.630447,333.2,751005.0,1116428.0
2025-06-18 11:04:01.917632,333.2,751005.0,1116428.0
2025-06-18 11:04:02.154895,333.15,751005.0,1116428.0
2025-06-18 11:04:02.531306,333.2,745652.0,1116445.0
2025-06-18 11:04:03.195089,333.2,745652.0,1116445.0
2025-06-18 11:04:03.535406,333.2,745598.0,1115162.0
2025-06-18 11:04:04.156635,333.15,745598.0,1115162.0
2025-06-18 11:04:04.532554,333.2,745579.0,1112773.0
2025-06-18 11:04:05.154630,333.2,745579.0,1112773.0
2025-06-18 11:04:05.632283,333.2,747170.0,1112477.0
2025-06-18 11:04:06.154456,333.2,747170.0,1112477.0
2025-06-18 11:04:06.532070,333.2,749289.0,1112827.0
2025-06-18 11:04:07.153128,333.15,749289.0,1112827.0
2025-06-18 11:04:07.535800,333.2,746928.0,1110535.0
2025-06-18 11:04:08.162299,333.2,746928.0,1110535.0
2025-06-18 11:04:08.640968,333.2,749412.0,1113120.0
2025-06-18 11:04:09.149784,333.2,749412.0,1113120.0
2025-06-18 11:04:09.738624,333.2,749008.0,1112793.0
2025-06-18 11:04:10.155460,333.2,749008.0,1112793.0
2025-06-18 11:04:10.738249,333.2,748617.0,1112379.0
2025-06-18 11:04:11.152924,333.2,748617.0,1112379.0
2025-06-18 11:04:11.840122,333.2,748687.0,1112370.0
2025-06-18 11:04:12.158359,333.2,748687.0,1112370.0
2025-06-18 11:04:12.941673,333.2,748392.0,1111840.0
2025-06-18 11:04:13.151556,333.2,748392.0,1111840.0
2025-06-18 11:04:14.042311,333.2,748786.0,1112621.0
2025-06-18 11:04:14.154282,333.2,748786.0,1112621.0
2025-06-18 11:04:15.147133,333.2,746625.0,1112940.0
2025-06-18 11:04:15.151106,333.2,746625.0,1112940.0
2025-06-18 11:04:16.147246,333.15,746155.0,1113063.0
2025-06-18 11:04:16.158988,333.15,746155.0,1113063.0
2025-06-18 11:04:17.147901,333.2,746302.0,1112878.0
2025-06-18 11:04:17.154276,333.2,746302.0,1112878.0
2025-06-18 11:04:18.044246,333.2,746393.0,1113154.0
2025-06-18 11:04:18.152691,333.2,746393.0,1113154.0
2025-06-18 11:04:19.044623,333.2,746494.0,1112918.0
2025-06-18 11:04:19.185791,333.2,746494.0,1112918.0
2025-06-18 11:04:20.151823,333.2,746494.0,1112918.0
2025-06-18 11:04:20.184044,333.2,748515.0,1112648.0
2025-06-18 11:04:21.163811,333.2,748515.0,1112648.0
2025-06-18 11:04:21.255334,333.2,748745.0,1112511.0
2025-06-18 11:04:22.149170,333.2,748745.0,1112511.0
2025-06-18 11:04:22.354989,333.2,748745.0,1112574.0
2025-06-18 11:04:23.152306,333.2,748745.0,1112574.0
2025-06-18 11:04:23.463492,333.2,749146.0,1113096.0
2025-06-18 11:04:24.158089,333.2,749146.0,1113096.0
2025-06-18 11:04:24.465538,333.2,748787.0,1112514.0
2025-06-18 11:04:25.156728,333.2,748787.0,1112514.0
2025-06-18 11:04:25.557255,333.2,748730.0,1113055.0
2025-06-18 11:04:26.151911,333.15,748730.0,1113055.0
2025-06-18 11:04:26.660028,333.15,744148.0,1112914.0
2025-06-18 11:04:27.154764,333.15,744148.0,1112914.0
2025-06-18 11:04:27.760957,333.2,743952.0,1112849.0
2025-06-18 11:04:28.151614,333.2,743952.0,1112849.0
2025-06-18 11:04:28.667447,333.2,743951.0,1113129.0
2025-06-18 11:04:29.662148,333.2,743639.0,1113376.0
2025-06-18 11:04:30.151231,333.2,743639.0,1113376.0
2025-06-18 11:04:30.762100,333.2,743905.0,1112818.0
2025-06-18 11:04:31.153406,333.2,743905.0,1112818.0
2025-06-18 11:04:31.763588,333.2,744709.0,1112878.0
2025-06-18 11:04:32.152772,333.2,744709.0,1112878.0
2025-06-18 11:04:32.865336,333.2,744707.0,1112250.0
2025-06-18 11:04:33.159406,333.2,744707.0,1112250.0
2025-06-18 11:04:33.865272,333.2,744454.0,1112217.0
2025-06-18 11:04:34.159356,333.2,744454.0,1112217.0
2025-06-18 11:04:35.023640,333.2,745048.0,1112759.0
2025-06-18 11:04:35.161125,333.2,745048.0,1112759.0
2025-06-18 11:04:36.067276,333.15,744643.0,1112406.0
2025-06-18 11:04:36.155510,333.15,744643.0,1112406.0
2025-06-18 11:04:37.156841,333.2,744643.0,1112406.0
2025-06-18 11:04:37.178764,333.2,742998.0,1112472.0
2025-06-18 11:04:38.150624,333.2,742998.0,1112472.0
2025-06-18 11:04:38.167890,333.2,744539.0,1112257.0
2025-06-18 11:04:39.155961,333.2,744539.0,1112257.0
2025-06-18 11:04:39.265861,333.2,744818.0,1111999.0
2025-06-18 11:04:40.150994,333.15,744818.0,1111999.0
2025-06-18 11:04:40.266795,333.15,744912.0,1110783.0
2025-06-18 11:04:41.148350,333.2,744912.0,1110783.0
2025-06-18 11:04:41.366626,333.2,744915.0,1110803.0
2025-06-18 11:04:42.156700,333.2,744915.0,1110803.0
2025-06-18 11:04:42.481409,333.2,744033.0,1111919.0
2025-06-18 11:04:43.165316,333.2,744033.0,1111919.0
2025-06-18 11:04:43.568023,333.2,743854.0,1111927.0
2025-06-18 11:04:44.155981,333.15,743854.0,1111927.0
2025-06-18 11:04:44.756503,333.15,743701.0,1111487.0
2025-06-18 11:04:45.156495,333.2,743701.0,1111487.0
2025-06-18 11:04:45.768129,333.2,743700.0,1111882.0
2025-06-18 11:04:46.155736,333.15,743700.0,1111882.0
2025-06-18 11:04:46.770432,333.15,743877.0,1111859.0
2025-06-18 11:04:47.781241,333.2,743698.0,1112256.0
2025-06-18 11:04:48.159017,333.2,743698.0,1112256.0
2025-06-18 11:04:48.768607,333.15,743816.0,1111438.0
2025-06-18 11:04:49.157164,333.2,743816.0,1111438.0
2025-06-18 11:04:49.770298,333.2,744157.0,1111246.0
2025-06-18 11:04:50.157680,333.15,744157.0,1111246.0
2025-06-18 11:04:50.871464,333.2,743957.0,1111007.0
2025-06-18 11:04:51.154379,333.2,743957.0,1111007.0
2025-06-18 11:04:51.871929,333.2,743792.0,1111176.0
2025-06-18 11:04:52.169521,333.2,743792.0,1111176.0
2025-06-18 11:04:52.987210,333.2,743966.0,1110807.0
2025-06-18 11:04:53.148371,333.2,743966.0,1110807.0
2025-06-18 11:04:53.984266,333.2,744042.0,1110694.0
2025-06-18 11:04:54.159840,333.2,744042.0,1110694.0
2025-06-18 11:04:54.982405,333.2,744875.0,1110722.0
2025-06-18 11:04:55.153111,333.2,744875.0,1110722.0
2025-06-18 11:04:55.987344,333.2,745026.0,1111427.0
2025-06-18 11:04:56.148003,333.15,745026.0,1111427.0
2025-06-18 11:04:57.077293,333.15,745000.0,1110693.0
2025-06-18 11:04:57.208216,333.15,745000.0,1110693.0
2025-06-18 11:04:58.159081,333.15,745000.0,1110693.0
2025-06-18 11:04:58.184229,333.15,744913.0,1111713.0
2025-06-18 11:04:59.156181,333.2,744913.0,1111713.0
2025-06-18 11:04:59.280981,333.2,744604.0,1111313.0
2025-06-18 11:05:00.155832,333.2,744604.0,1111313.0
2025-06-18 11:05:00.378706,333.2,744434.0,1111231.0
2025-06-18 11:05:01.184278,333.2,744434.0,1111231.0
2025-06-18 11:05:05.170604,333.2,744434.0,1111231.0
2025-06-18 11:05:05.176956,333.2,744286.0,1111355.0
2025-06-18 11:05:05.207927,333.2,744286.0,1111355.0
2025-06-18 11:05:07.392367,333.2,744286.0,1111355.0
2025-06-18 11:05:09.207684,333.2,744286.0,1111355.0
2025-06-18 11:05:09.991596,333.2,748806.0,1110655.0
2025-06-18 11:05:11.163908,333.2,748806.0,1110655.0
2025-06-18 11:05:13.164147,333.2,748806.0,1110655.0
2025-06-18 11:05:15.167280,333.2,748806.0,1110655.0
2025-06-18 11:05:15.495424,333.2,748851.0,1111200.0
2025-06-18 11:05:17.176098,333.15,748851.0,1111200.0
2025-06-18 11:05:19.204805,333.2,748851.0,1111200.0
2025-06-18 11:05:20.892783,333.2,748454.0,1111346.0
2025-06-18 11:05:21.188720,333.2,748454.0,1111346.0
2025-06-18 11:05:23.205155,333.15,748454.0,1111346.0
2025-06-18 11:05:25.157556,333.2,748454.0,1111346.0
2025-06-18 11:05:25.790944,333.2,748641.0,1111381.0
2025-06-18 11:05:27.181907,333.2,748641.0,1111381.0
2025-06-18 11:05:29.174295,333.2,748641.0,1111381.0
2025-06-18 11:05:30.592073,333.2,745499.0,1110616.0
2025-06-18 11:05:32.170209,333.15,745499.0,1110616.0
2025-06-18 11:05:33.207823,333.15,745499.0,1110616.0
2025-06-18 11:05:35.212649,333.2,745499.0,1110616.0
2025-06-18 11:05:35.896665,333.2,743451.0,1110249.0
2025-06-18 11:05:37.175228,333.2,743451.0,1110249.0
2025-06-18 11:05:39.280313,333.2,743451.0,1110249.0
2025-06-18 11:05:41.168281,333.2,743451.0,1110249.0
2025-06-18 11:05:41.410105,333.2,746061.0,1111741.0
2025-06-18 11:05:43.175668,333.2,746061.0,1111741.0
2025-06-18 11:05:45.164963,333.2,746061.0,1111741.0
2025-06-18 11:05:46.203294,333.2,746097.0,1112073.0
2025-06-18 11:05:47.193487,333.2,746097.0,1112073.0
2025-06-18 11:05:49.182356,333.2,746097.0,1112073.0
2025-06-18 11:05:51.178255,333.1,746097.0,1112073.0
2025-06-18 11:05:51.305288,333.1,741736.0,1118570.0
2025-06-18 11:05:53.166469,333.2,741736.0,1118570.0
2025-06-18 11:05:55.171049,333.2,741736.0,1118570.0
2025-06-18 11:05:56.517583,333.2,732003.0,1112199.0
2025-06-18 11:05:57.193751,333.2,732003.0,1112199.0
2025-06-18 11:05:59.170573,333.2,732003.0,1112199.0
2025-06-18 11:06:01.170668,333.15,732003.0,1112199.0
2025-06-18 11:06:01.213865,333.15,731692.0,1113242.0
2025-06-18 11:06:03.165702,333.2,731692.0,1113242.0
2025-06-18 11:06:05.163403,333.15,731692.0,1113242.0
2025-06-18 11:06:06.020424,333.2,730727.0,1114533.0
2025-06-18 11:06:07.170505,333.2,730727.0,1114533.0
2025-06-18 11:06:09.172639,333.15,730727.0,1114533.0
2025-06-18 11:06:11.019454,333.15,732159.0,1114837.0
2025-06-18 11:06:11.211766,333.15,732159.0,1114837.0
2025-06-18 11:06:13.192612,333.15,732159.0,1114837.0
2025-06-18 11:06:15.193413,333.15,732159.0,1114837.0
2025-06-18 11:06:16.025556,333.05,729100.0,1118474.0
2025-06-18 11:06:17.174829,333.05,729100.0,1118474.0
2025-06-18 11:06:19.166200,333.15,729100.0,1118474.0
2025-06-18 11:06:21.025077,333.15,730285.0,1117545.0
2025-06-18 11:06:22.160875,333.15,730285.0,1117545.0
2025-06-18 11:06:23.174686,333.15,730285.0,1117545.0
2025-06-18 11:06:25.178647,333.1,730285.0,1117545.0
2025-06-18 11:06:26.029272,333.05,728776.0,1120147.0
2025-06-18 11:06:27.171236,333.1,728776.0,1120147.0
2025-06-18 11:06:29.176545,333.1,728776.0,1120147.0
2025-06-18 11:06:30.735132,333.1,729253.0,1120122.0
2025-06-18 11:06:31.195528,333.1,729253.0,1120122.0
2025-06-18 11:06:33.175746,333.1,729253.0,1120122.0
2025-06-18 11:06:35.189614,333.1,729253.0,1120122.0
2025-06-18 11:06:35.436785,333.1,729853.0,1119901.0
2025-06-18 11:06:37.168316,333.1,729853.0,1119901.0
2025-06-18 11:06:39.173123,333.1,729853.0,1119901.0
2025-06-18 11:06:40.437716,333.1,728415.0,1120228.0
2025-06-18 11:06:41.168004,333.1,728415.0,1120228.0
2025-06-18 11:06:43.171581,333.1,728415.0,1120228.0
2025-06-18 11:06:45.164857,333.1,728415.0,1120228.0
2025-06-18 11:06:45.442944,333.1,729451.0,1120099.0
2025-06-18 11:06:46.756045,333.1,729451.0,1120099.0
2025-06-18 11:06:47.179474,333.1,729451.0,1120099.0
2025-06-18 11:06:47.611370,333.1,729451.0,1120099.0
2025-06-18 11:06:48.549506,333.1,729451.0,1120099.0
2025-06-18 11:06:49.761167,332.95,729451.0,1120099.0
2025-06-18 11:06:49.764920,332.95,729451.0,1120099.0
2025-06-18 11:06:50.280317,332.95,729451.0,1120099.0
2025-06-18 11:06:50.441567,333.0,715481.0,1128701.0
2025-06-18 11:06:51.051273,333.0,715481.0,1128701.0
2025-06-18 11:06:51.161713,333.05,715481.0,1128701.0
2025-06-18 11:06:52.036061,333.05,715481.0,1128701.0
2025-06-18 11:06:53.168493,333.05,715481.0,1128701.0
2025-06-18 11:06:53.514179,333.05,715481.0,1128701.0
2025-06-18 11:06:54.754143,333.05,715481.0,1128701.0
2025-06-18 11:06:55.174227,333.05,715481.0,1128701.0
2025-06-18 11:06:55.346579,333.05,717622.0,1127122.0
2025-06-18 11:06:56.238610,333.05,717622.0,1127122.0
2025-06-18 11:06:57.102019,333.05,717622.0,1127122.0
2025-06-18 11:06:57.164984,333.05,717622.0,1127122.0
2025-06-18 11:06:58.515167,333.05,717622.0,1127122.0
2025-06-18 11:06:59.164218,333.05,717622.0,1127122.0
2025-06-18 11:06:59.665964,333.05,717622.0,1127122.0
2025-06-18 11:07:00.246972,333.05,718961.0,1126868.0
2025-06-18 11:07:00.821447,333.05,718961.0,1126868.0
2025-06-18 11:07:01.166988,333.05,718961.0,1126868.0
2025-06-18 11:07:01.550909,333.05,718948.0,1126464.0
2025-06-18 11:07:02.283118,333.05,718948.0,1126464.0
2025-06-18 11:07:02.656925,333.05,719054.0,1126189.0
2025-06-18 11:07:03.159433,333.05,719054.0,1126189.0
2025-06-18 11:07:05.036651,333.05,719054.0,1126188.0
2025-06-18 11:07:05.082430,332.9,719054.0,1126188.0
2025-06-18 11:07:05.115029,332.9,715311.0,1130135.0
2025-06-18 11:07:05.169635,332.9,715311.0,1130135.0
2025-06-18 11:07:05.852345,332.85,716372.0,1128124.0
2025-06-18 11:07:06.161987,332.85,716372.0,1128124.0
2025-06-18 11:07:06.860420,332.85,716501.0,1128210.0
2025-06-18 11:07:07.159544,333.0,716501.0,1128210.0
2025-06-18 11:07:10.437720,333.0,716602.0,1128810.0
2025-06-18 11:07:10.484173,333.0,716602.0,1128810.0
2025-06-18 11:07:10.526190,333.0,716615.0,1129321.0
2025-06-18 11:07:10.531364,332.95,716615.0,1129321.0
2025-06-18 11:07:10.537015,332.85,716263.0,1130354.0
2025-06-18 11:07:10.575534,332.85,716263.0,1130354.0
2025-06-18 11:07:10.859609,332.95,716009.0,1130429.0
2025-06-18 11:07:11.164948,332.95,716009.0,1130429.0
2025-06-18 11:07:11.859280,332.85,715952.0,1130607.0
2025-06-18 11:07:12.168561,332.85,715952.0,1130607.0
2025-06-18 11:07:12.860997,332.95,714974.0,1130510.0
2025-06-18 11:07:13.164217,332.95,714974.0,1130510.0
2025-06-18 11:07:13.860465,332.85,715046.0,1130507.0
2025-06-18 11:07:14.160933,332.85,715046.0,1130507.0
2025-06-18 11:07:14.961716,332.95,714619.0,1129573.0
2025-06-18 11:07:15.161518,332.95,714619.0,1129573.0
2025-06-18 11:07:15.958739,332.95,714771.0,1131741.0
2025-06-18 11:07:16.165281,332.95,714771.0,1131741.0
2025-06-18 11:07:16.961602,332.95,714468.0,1130393.0
2025-06-18 11:07:17.168755,332.95,714468.0,1130393.0
2025-06-18 11:07:18.061275,332.95,716738.0,1128881.0
2025-06-18 11:07:18.169120,332.95,716738.0,1128881.0
2025-06-18 11:07:19.064254,332.95,716980.0,1128728.0
2025-06-18 11:07:19.164437,332.95,716980.0,1128728.0
2025-06-18 11:07:20.061090,332.95,717248.0,1128638.0
2025-06-18 11:07:20.160526,332.95,717248.0,1128638.0
2025-06-18 11:07:21.059716,332.95,718207.0,1127537.0
2025-06-18 11:07:21.167695,332.95,718207.0,1127537.0
2025-06-18 11:07:22.195631,333.0,718574.0,1129912.0
2025-06-18 11:07:22.200355,333.0,718574.0,1129912.0
2025-06-18 11:07:23.060285,333.05,719143.0,1125332.0
2025-06-18 11:07:23.164212,333.05,719143.0,1125332.0
2025-06-18 11:07:24.062186,332.95,717613.0,1126972.0
2025-06-18 11:07:24.164277,332.95,717613.0,1126972.0
2025-06-18 11:07:25.166083,333.05,717613.0,1126972.0
2025-06-18 11:07:25.167147,333.05,718057.0,1127220.0
2025-06-18 11:07:26.219685,333.05,718057.0,1127220.0
2025-06-18 11:07:26.261044,333.0,717746.0,1126222.0
2025-06-18 11:07:27.170901,333.0,717746.0,1126222.0
2025-06-18 11:07:27.362225,333.0,717794.0,1127160.0
2025-06-18 11:07:28.167627,333.05,717794.0,1127160.0
2025-06-18 11:07:28.459945,333.05,717564.0,1128137.0
2025-06-18 11:07:29.175348,332.95,717564.0,1128137.0
2025-06-18 11:07:29.461259,332.95,717220.0,1131262.0
2025-06-18 11:07:30.192760,332.95,717220.0,1131262.0
2025-06-18 11:07:30.465656,332.95,710304.0,1131147.0
2025-06-18 11:07:31.567705,332.95,717747.0,1130854.0
2025-06-18 11:07:32.177690,332.95,717747.0,1130854.0
2025-06-18 11:07:32.562329,332.95,717818.0,1130972.0
2025-06-18 11:07:33.169323,332.95,717818.0,1130972.0
2025-06-18 11:07:33.461692,332.95,716962.0,1131688.0
2025-06-18 11:07:34.170007,332.95,716962.0,1131688.0
2025-06-18 11:07:34.364164,332.95,717041.0,1131677.0
2025-06-18 11:07:35.163379,332.95,717041.0,1131677.0
2025-06-18 11:07:35.464333,332.95,716447.0,1131469.0
2025-06-18 11:07:36.164159,332.9,716447.0,1131469.0
2025-06-18 11:07:36.479652,332.9,716508.0,1131305.0
2025-06-18 11:07:37.167914,332.95,716508.0,1131305.0
2025-06-18 11:07:37.470852,332.95,716517.0,1131302.0
2025-06-18 11:07:38.167760,332.95,716517.0,1131302.0
2025-06-18 11:07:38.477862,332.9,716493.0,1131372.0
2025-06-18 11:07:39.206794,332.85,716493.0,1131372.0
2025-06-18 11:07:39.561050,332.85,714205.0,1138849.0
2025-06-18 11:07:40.199519,332.9,714205.0,1138849.0
2025-06-18 11:07:40.477739,332.9,714854.0,1136123.0
2025-06-18 11:07:41.169644,332.85,714854.0,1136123.0
2025-06-18 11:07:41.570482,332.9,716020.0,1136033.0
2025-06-18 11:07:42.169986,332.85,716020.0,1136033.0
2025-06-18 11:07:42.682171,332.85,719947.0,1139591.0
2025-06-18 11:07:43.169971,332.85,719947.0,1139591.0
2025-06-18 11:07:44.752043,332.85,720937.0,1138306.0
2025-06-18 11:07:44.793148,332.85,720937.0,1138306.0
2025-06-18 11:07:44.800459,332.85,720731.0,1140002.0
2025-06-18 11:07:45.172603,332.85,720731.0,1140002.0
2025-06-18 11:07:45.874545,332.85,720432.0,1139955.0
2025-06-18 11:07:46.172809,332.8,720432.0,1139955.0
2025-06-18 11:07:46.979310,332.85,720413.0,1139807.0
2025-06-18 11:07:47.175614,332.85,720413.0,1139807.0
2025-06-18 11:07:47.975598,332.85,719870.0,1139805.0
2025-06-18 11:07:48.168842,332.85,719870.0,1139805.0
2025-06-18 11:07:48.874278,332.85,719825.0,1139854.0
2025-06-18 11:07:49.168259,332.85,719825.0,1139854.0
2025-06-18 11:07:49.993101,332.85,719947.0,1139854.0
2025-06-18 11:07:50.170468,332.85,719947.0,1139854.0
2025-06-18 11:07:51.074911,332.8,719362.0,1138670.0
2025-06-18 11:07:51.173776,332.8,719362.0,1138670.0
2025-06-18 11:07:52.076893,332.8,717541.0,1138514.0
2025-06-18 11:07:52.175378,332.8,717541.0,1138514.0
2025-06-18 11:07:53.169550,332.9,717541.0,1138514.0
2025-06-18 11:07:53.176748,332.9,720495.0,1136922.0
2025-06-18 11:07:54.167763,332.9,720495.0,1136922.0
2025-06-18 11:07:54.175514,332.9,720607.0,1135594.0
2025-06-18 11:07:55.163173,332.9,720607.0,1135594.0
2025-06-18 11:07:55.272510,332.9,720972.0,1135371.0
2025-06-18 11:07:56.177098,332.9,720972.0,1135371.0
2025-06-18 11:07:56.274684,332.9,720521.0,1135178.0
2025-06-18 11:07:57.168051,332.9,720521.0,1135178.0
2025-06-18 11:07:57.275048,332.9,720308.0,1134631.0
2025-06-18 11:07:58.179077,332.9,720308.0,1134631.0
2025-06-18 11:07:58.281122,332.9,720313.0,1134817.0
2025-06-18 11:07:59.169629,332.9,720313.0,1134817.0
2025-06-18 11:07:59.178055,332.9,720319.0,1135523.0
2025-06-18 11:08:00.436074,332.9,720319.0,1135523.0
2025-06-18 11:08:00.476735,332.9,719474.0,1135595.0
2025-06-18 11:08:01.719561,332.9,719162.0,1133911.0
2025-06-18 11:08:03.172883,332.9,719162.0,1133911.0
2025-06-18 11:08:04.193154,332.9,719162.0,1133911.0
2025-06-18 11:08:06.179076,332.85,719162.0,1133911.0
2025-06-18 11:08:07.083837,332.9,719502.0,1133581.0
2025-06-18 11:08:09.240576,332.9,719502.0,1133581.0
2025-06-18 11:08:10.201561,332.9,719502.0,1133581.0
2025-06-18 11:08:12.258400,332.9,719502.0,1133581.0
2025-06-18 11:08:12.688529,332.9,719445.0,1132429.0
2025-06-18 11:08:14.219345,332.85,719445.0,1132429.0
2025-06-18 11:08:16.203207,332.85,719445.0,1132429.0
2025-06-18 11:08:20.490504,332.85,718521.0,1132729.0
2025-06-18 11:08:20.498710,332.85,718521.0,1132729.0
2025-06-18 11:08:20.568788,332.8,718521.0,1132729.0
2025-06-18 11:08:22.894676,332.9,718478.0,1132166.0
2025-06-18 11:08:23.183001,332.9,718478.0,1132166.0
2025-06-18 11:08:26.172284,332.85,718478.0,1132166.0
2025-06-18 11:08:28.601227,332.9,714010.0,1135118.0
2025-06-18 11:08:29.171891,332.9,714010.0,1135118.0
2025-06-18 11:08:30.181854,332.9,714010.0,1135118.0
2025-06-18 11:08:32.177842,332.9,714010.0,1135118.0
2025-06-18 11:08:34.107690,332.85,717327.0,1129855.0
2025-06-18 11:08:34.178524,332.85,717327.0,1129855.0
2025-06-18 11:08:36.179367,332.85,717327.0,1129855.0
2025-06-18 11:08:38.180677,332.9,717327.0,1129855.0
2025-06-18 11:08:39.408382,332.85,721319.0,1131433.0
2025-06-18 11:08:40.191660,332.9,721319.0,1131433.0
2025-06-18 11:08:42.185606,332.75,721319.0,1131433.0
2025-06-18 11:08:44.186540,332.8,721319.0,1131433.0
2025-06-18 11:08:44.522056,332.9,716991.0,1134852.0
2025-06-18 11:08:46.205701,332.8,716991.0,1134852.0
2025-06-18 11:08:48.176042,332.9,716991.0,1134852.0
2025-06-18 11:08:49.814468,332.9,720725.0,1132785.0
2025-06-18 11:08:50.178292,332.9,720725.0,1132785.0
2025-06-18 11:08:52.180476,332.9,720725.0,1132785.0
2025-06-18 11:08:54.181913,332.9,720725.0,1132785.0
2025-06-18 11:08:55.023610,332.9,721087.0,1133221.0
2025-06-18 11:08:58.176780,332.9,721087.0,1133221.0
2025-06-18 11:09:00.039587,332.9,724926.0,1132967.0
2025-06-18 11:09:00.176011,332.9,724926.0,1132967.0
2025-06-18 11:09:02.213709,332.9,724926.0,1132967.0
2025-06-18 11:09:04.190142,332.9,724926.0,1132967.0
2025-06-18 11:09:04.918674,332.9,725198.0,1134215.0
2025-06-18 11:09:06.177875,332.85,725198.0,1134215.0
2025-06-18 11:09:08.179123,332.9,725198.0,1134215.0
2025-06-18 11:09:10.038607,332.85,727106.0,1134067.0
2025-06-18 11:09:10.182452,332.85,727106.0,1134067.0
2025-06-18 11:09:14.306239,332.8,727106.0,1134067.0
2025-06-18 11:09:14.348593,332.8,727106.0,1134067.0
2025-06-18 11:09:15.927664,332.85,718073.0,1133140.0
2025-06-18 11:09:16.174700,332.75,718073.0,1133140.0
2025-06-18 11:09:18.874170,332.9,718073.0,1133140.0
2025-06-18 11:09:20.199819,332.9,718073.0,1133140.0
2025-06-18 11:09:21.531050,332.9,719252.0,1130888.0
2025-06-18 11:09:22.170965,332.9,719252.0,1130888.0
2025-06-18 11:09:24.177834,332.9,719252.0,1130888.0
2025-06-18 11:09:26.184182,332.7,719252.0,1130888.0
2025-06-18 11:09:26.828845,332.7,715906.0,1136070.0
2025-06-18 11:09:28.186004,332.9,715906.0,1136070.0
2025-06-18 11:09:30.189675,332.9,715906.0,1136070.0
2025-06-18 11:09:32.033514,332.9,721545.0,1132991.0
2025-06-18 11:09:32.219257,332.7,721545.0,1132991.0
2025-06-18 11:09:34.179604,332.9,721545.0,1132991.0
2025-06-18 11:09:36.178350,332.7,721545.0,1132991.0
2025-06-18 11:09:37.337049,332.75,728150.0,1128190.0
2025-06-18 11:09:38.223376,332.9,728150.0,1128190.0
2025-06-18 11:09:40.175485,332.9,728150.0,1128190.0
2025-06-18 11:09:42.186196,332.9,728150.0,1128190.0
2025-06-18 11:09:42.739931,332.9,728614.0,1129827.0
2025-06-18 11:09:44.210073,332.9,728614.0,1129827.0
2025-06-18 11:09:46.256385,332.8,728614.0,1129827.0
2025-06-18 11:09:47.190001,332.8,728614.0,1129827.0
2025-06-18 11:09:47.941670,332.9,727232.0,1130766.0
2025-06-18 11:09:48.190112,332.9,727232.0,1130766.0
2025-06-18 11:09:48.209794,332.9,727232.0,1130766.0
2025-06-18 11:09:49.098862,332.9,727232.0,1130766.0
2025-06-18 11:09:50.020469,332.9,727232.0,1130766.0
2025-06-18 11:09:50.175088,332.9,727232.0,1130766.0
2025-06-18 11:09:50.860249,332.9,727232.0,1130766.0
2025-06-18 11:09:51.634930,332.9,727232.0,1130766.0
2025-06-18 11:09:52.197981,332.9,727232.0,1130766.0
2025-06-18 11:09:52.634098,332.9,727232.0,1130766.0
2025-06-18 11:09:53.209802,332.9,727232.0,1130766.0
2025-06-18 11:09:53.449041,332.8,728506.0,1130856.0
2025-06-18 11:09:53.595139,332.8,728506.0,1130856.0
2025-06-18 11:09:54.088069,332.8,728506.0,1130856.0
2025-06-18 11:09:54.218399,332.9,728506.0,1130856.0
2025-06-18 11:09:54.460492,332.9,728506.0,1130856.0
2025-06-18 11:09:55.372686,332.9,728506.0,1130856.0
2025-06-18 11:09:56.178736,332.8,728506.0,1130856.0
2025-06-18 11:09:56.584551,332.8,728506.0,1130856.0
2025-06-18 11:09:57.561211,332.8,728506.0,1130856.0
2025-06-18 11:09:58.183298,332.9,728506.0,1130856.0
2025-06-18 11:09:58.544509,332.9,725291.0,1129669.0
2025-06-18 11:09:58.971852,332.9,725291.0,1129669.0
2025-06-18 11:10:00.117729,332.9,725291.0,1129669.0
2025-06-18 11:10:00.177385,332.9,725291.0,1129669.0
2025-06-18 11:10:01.244835,332.9,725291.0,1129669.0
2025-06-18 11:10:01.650034,332.9,725046.0,1130554.0
2025-06-18 11:10:02.172196,332.9,725046.0,1130554.0
2025-06-18 11:10:02.714145,332.9,725046.0,1130554.0
2025-06-18 11:10:02.751612,332.9,724950.0,1131886.0
2025-06-18 11:10:03.214763,332.9,724950.0,1131886.0
2025-06-18 11:10:03.745514,332.9,725235.0,1131756.0
2025-06-18 11:10:04.170737,332.9,725235.0,1131756.0
2025-06-18 11:10:04.750232,332.9,725224.0,1131944.0
2025-06-18 11:10:05.170917,332.9,725224.0,1131944.0
2025-06-18 11:10:05.850977,332.9,724539.0,1136890.0
2025-06-18 11:10:06.174907,332.85,724539.0,1136890.0
2025-06-18 11:10:06.961182,332.9,725834.0,1135097.0
2025-06-18 11:10:07.177450,332.9,725834.0,1135097.0
2025-06-18 11:10:09.452290,332.9,728588.0,1134856.0
2025-06-18 11:10:09.454844,332.9,728588.0,1134856.0
2025-06-18 11:10:09.510534,332.9,728407.0,1134989.0
2025-06-18 11:10:09.512911,332.9,728407.0,1134989.0
2025-06-18 11:10:10.053803,332.9,728540.0,1135176.0
2025-06-18 11:10:10.185039,332.9,728540.0,1135176.0
2025-06-18 11:10:11.052475,332.9,728657.0,1135167.0
2025-06-18 11:10:11.187393,332.9,728657.0,1135167.0
2025-06-18 11:10:12.063100,332.9,728602.0,1134902.0
2025-06-18 11:10:12.174074,332.9,728602.0,1134902.0
2025-06-18 11:10:13.057092,332.9,728678.0,1134895.0
2025-06-18 11:10:13.178966,332.9,728678.0,1134895.0
2025-06-18 11:10:14.057963,332.9,725670.0,1135633.0
2025-06-18 11:10:14.180190,332.9,725670.0,1135633.0
2025-06-18 11:10:15.160456,332.9,727375.0,1135263.0
2025-06-18 11:10:15.173945,332.9,727375.0,1135263.0
2025-06-18 11:10:16.176102,332.85,727375.0,1135263.0
2025-06-18 11:10:16.270069,332.9,727752.0,1135339.0
2025-06-18 11:10:17.184069,332.9,727752.0,1135339.0
2025-06-18 11:10:17.254070,332.9,726975.0,1133732.0
2025-06-18 11:10:18.171771,332.9,726975.0,1133732.0
2025-06-18 11:10:18.355127,332.9,730119.0,1134243.0
2025-06-18 11:10:19.173693,332.9,730119.0,1134243.0
2025-06-18 11:10:19.456233,332.9,737031.0,1123458.0
2025-06-18 11:10:20.173506,333.0,737031.0,1123458.0
2025-06-18 11:10:20.455868,333.0,740753.0,1118320.0
2025-06-18 11:10:21.187975,333.05,740753.0,1118320.0
2025-06-18 11:10:21.456859,333.05,738204.0,1111651.0
2025-06-18 11:10:22.177303,333.15,738204.0,1111651.0
2025-06-18 11:10:22.857198,333.15,741727.0,1108532.0
2025-06-18 11:10:23.175376,333.15,741727.0,1108532.0
2025-06-18 11:10:23.859701,333.1,742656.0,1110734.0
2025-06-18 11:10:24.183292,333.1,742656.0,1110734.0
2025-06-18 11:10:24.858509,333.1,745621.0,1107771.0
2025-06-18 11:10:25.178859,333.1,745621.0,1107771.0
2025-06-18 11:10:25.858293,333.2,746797.0,1106850.0
2025-06-18 11:10:26.178687,333.2,746797.0,1106850.0
2025-06-18 11:10:26.858098,333.25,744876.0,1108629.0
2025-06-18 11:10:27.183321,333.25,744876.0,1108629.0
2025-06-18 11:10:27.857845,333.25,745422.0,1107871.0
2025-06-18 11:10:28.184461,333.25,745422.0,1107871.0
2025-06-18 11:10:28.758902,333.25,745173.0,1107699.0
2025-06-18 11:10:29.176243,333.25,745173.0,1107699.0
2025-06-18 11:10:29.761477,333.25,747783.0,1102488.0
2025-06-18 11:10:30.173682,333.25,747783.0,1102488.0
2025-06-18 11:10:30.763410,333.2,753314.0,1100941.0
2025-06-18 11:10:31.184234,333.2,753314.0,1100941.0
2025-06-18 11:10:31.862214,333.15,754066.0,1100295.0
2025-06-18 11:10:32.177107,333.15,754066.0,1100295.0
2025-06-18 11:10:32.764200,333.2,753585.0,1101658.0
2025-06-18 11:10:33.174891,333.2,753585.0,1101658.0
2025-06-18 11:10:33.766328,333.2,754514.0,1101593.0
2025-06-18 11:10:34.180780,333.2,754514.0,1101593.0
2025-06-18 11:10:34.865745,333.2,754007.0,1102303.0
2025-06-18 11:10:35.175658,333.2,754007.0,1102303.0
2025-06-18 11:10:35.867022,333.2,754703.0,1104836.0
2025-06-18 11:10:36.171981,333.2,754703.0,1104836.0
2025-06-18 11:10:36.768671,333.2,752533.0,1104085.0
2025-06-18 11:10:37.174221,333.2,752533.0,1104085.0
2025-06-18 11:10:37.767597,333.2,753174.0,1104321.0
2025-06-18 11:10:38.175140,333.2,753174.0,1104321.0
2025-06-18 11:10:38.869137,333.2,752937.0,1102527.0
2025-06-18 11:10:39.172163,333.2,752937.0,1102527.0
2025-06-18 11:10:39.870694,333.2,753800.0,1102446.0
2025-06-18 11:10:40.173024,333.2,753800.0,1102446.0
2025-06-18 11:10:40.874143,333.2,753549.0,1102292.0
2025-06-18 11:10:41.181926,333.2,753549.0,1102292.0
2025-06-18 11:10:41.870771,333.2,753526.0,1103659.0
2025-06-18 11:10:42.178962,333.2,753526.0,1103659.0
2025-06-18 11:10:42.969090,333.2,753474.0,1103398.0
2025-06-18 11:10:43.175249,333.2,753474.0,1103398.0
2025-06-18 11:10:43.873129,333.2,753757.0,1102997.0
2025-06-18 11:10:44.173830,333.2,753757.0,1102997.0
2025-06-18 11:10:44.872994,333.2,753688.0,1102866.0
2025-06-18 11:10:45.172963,333.2,753688.0,1102866.0
2025-06-18 11:10:45.972193,333.2,754026.0,1104264.0
2025-06-18 11:10:46.172118,333.15,754026.0,1104264.0
2025-06-18 11:10:47.071232,333.2,754066.0,1104228.0
2025-06-18 11:10:47.173597,333.2,754066.0,1104228.0
2025-06-18 11:10:48.207014,333.2,754066.0,1104228.0
2025-06-18 11:10:48.213225,333.2,753872.0,1104147.0
2025-06-18 11:10:49.174762,333.2,753872.0,1104147.0
2025-06-18 11:10:49.271662,333.2,752903.0,1104104.0
2025-06-18 11:10:50.178731,333.2,752903.0,1104104.0
2025-06-18 11:10:50.273266,333.2,752976.0,1104103.0
2025-06-18 11:10:51.175551,333.2,752976.0,1104103.0
2025-06-18 11:10:51.376845,333.2,753905.0,1104003.0
2025-06-18 11:10:52.179651,333.2,753905.0,1104003.0
2025-06-18 11:10:52.475626,333.2,753245.0,1104909.0
2025-06-18 11:10:53.182678,333.2,753245.0,1104909.0
2025-06-18 11:10:53.576254,333.2,753745.0,1104430.0
2025-06-18 11:10:54.182257,333.2,753745.0,1104430.0
2025-06-18 11:10:54.480005,333.2,753672.0,1104419.0
2025-06-18 11:10:55.177328,333.2,753672.0,1104419.0
2025-06-18 11:10:55.480403,333.2,753673.0,1103896.0
2025-06-18 11:10:56.172740,333.15,753673.0,1103896.0
2025-06-18 11:10:56.551627,333.15,754059.0,1103946.0
2025-06-18 11:10:57.170930,333.2,754059.0,1103946.0
2025-06-18 11:10:57.579962,333.2,753117.0,1103921.0
2025-06-18 11:10:58.176223,333.2,753117.0,1103921.0
2025-06-18 11:10:58.484829,333.15,750993.0,1103914.0
2025-06-18 11:10:59.171681,333.2,750993.0,1103914.0
2025-06-18 11:10:59.385975,333.2,751079.0,1104103.0
2025-06-18 11:11:00.172984,333.2,751079.0,1104103.0
2025-06-18 11:11:00.388557,333.2,754225.0,1103824.0
2025-06-18 11:11:01.888248,333.15,755217.0,1103315.0
2025-06-18 11:11:02.201988,333.2,755217.0,1103315.0
2025-06-18 11:11:02.988120,333.2,755225.0,1103303.0
2025-06-18 11:11:03.175859,333.2,755225.0,1103303.0
2025-06-18 11:11:03.990405,333.2,755255.0,1101860.0
2025-06-18 11:11:04.171720,333.2,755255.0,1101860.0
2025-06-18 11:11:04.890817,333.2,754189.0,1102474.0
2025-06-18 11:11:05.173544,333.2,754189.0,1102474.0
2025-06-18 11:11:05.892229,333.2,754404.0,1102193.0
2025-06-18 11:11:06.179560,333.15,754404.0,1102193.0
2025-06-18 11:11:06.893940,333.2,754525.0,1102867.0
2025-06-18 11:11:07.177926,333.2,754525.0,1102867.0
2025-06-18 11:11:08.042163,333.2,754467.0,1102774.0
2025-06-18 11:11:08.184651,333.2,754467.0,1102774.0
2025-06-18 11:11:09.003775,333.2,754709.0,1103791.0
2025-06-18 11:11:09.193478,333.2,754709.0,1103791.0
2025-06-18 11:11:10.004048,333.2,754986.0,1103915.0
2025-06-18 11:11:10.174255,333.2,754986.0,1103915.0
2025-06-18 11:11:11.108469,333.2,754937.0,1103887.0
2025-06-18 11:11:11.180253,333.2,754937.0,1103887.0
2025-06-18 11:11:12.098171,333.05,733866.0,1123267.0
2025-06-18 11:11:12.179674,333.05,733866.0,1123267.0
2025-06-18 11:11:13.183281,333.05,733866.0,1123267.0
2025-06-18 11:11:13.203556,333.05,743329.0,1119403.0
2025-06-18 11:11:14.190701,333.1,743329.0,1119403.0
2025-06-18 11:11:14.296301,333.1,742576.0,1117663.0
2025-06-18 11:11:15.174406,333.1,742576.0,1117663.0
2025-06-18 11:11:15.294152,333.1,743166.0,1117060.0
2025-06-18 11:11:16.173299,333.0,743166.0,1117060.0
2025-06-18 11:11:16.295415,333.0,743429.0,1117216.0
2025-06-18 11:11:17.190200,333.0,743429.0,1117216.0
2025-06-18 11:11:17.296784,333.0,742525.0,1118215.0
2025-06-18 11:11:18.186870,333.1,742525.0,1118215.0
2025-06-18 11:11:18.403606,333.1,743524.0,1118147.0
2025-06-18 11:11:19.189629,333.1,743524.0,1118147.0
2025-06-18 11:11:19.398025,333.1,743438.0,1118636.0
2025-06-18 11:11:20.396514,333.0,741861.0,1120791.0
2025-06-18 11:11:21.186407,333.0,741861.0,1120791.0
2025-06-18 11:11:21.297463,333.0,742034.0,1121916.0
2025-06-18 11:11:22.182848,332.95,742034.0,1121916.0
2025-06-18 11:11:22.401348,332.95,740043.0,1126788.0
2025-06-18 11:11:23.175124,332.95,740043.0,1126788.0
2025-06-18 11:11:23.402075,332.95,742307.0,1125361.0
2025-06-18 11:11:24.177663,333.0,742307.0,1125361.0
2025-06-18 11:11:24.399623,333.0,744044.0,1122583.0
2025-06-18 11:11:25.186204,333.0,744044.0,1122583.0
2025-06-18 11:11:25.398914,333.0,744055.0,1122080.0
2025-06-18 11:11:26.179462,333.05,744055.0,1122080.0
2025-06-18 11:11:26.401028,333.05,745062.0,1120202.0
2025-06-18 11:11:27.181598,333.05,745062.0,1120202.0
2025-06-18 11:11:27.510842,333.0,745128.0,1120839.0
2025-06-18 11:11:28.190246,333.05,745128.0,1120839.0
2025-06-18 11:11:28.538356,333.05,747252.0,1121179.0
2025-06-18 11:11:29.193844,333.0,747252.0,1121179.0
2025-06-18 11:11:29.512720,333.05,747284.0,1120879.0
2025-06-18 11:11:30.176470,333.05,747284.0,1120879.0
2025-06-18 11:11:30.524424,333.05,747199.0,1119121.0
2025-06-18 11:11:31.180531,333.05,747199.0,1119121.0
2025-06-18 11:11:31.516261,333.05,747439.0,1117733.0
2025-06-18 11:11:32.183033,333.05,747439.0,1117733.0
2025-06-18 11:11:32.535193,333.05,747529.0,1117731.0
2025-06-18 11:11:33.179305,333.05,747529.0,1117731.0
2025-06-18 11:11:33.608094,333.05,746938.0,1117744.0
2025-06-18 11:11:34.178908,333.05,746938.0,1117744.0
2025-06-18 11:11:34.709306,333.05,747159.0,1116416.0
2025-06-18 11:11:35.180969,333.05,747159.0,1116416.0
2025-06-18 11:11:35.809309,333.05,747888.0,1119144.0
2025-06-18 11:11:36.177937,333.05,747888.0,1119144.0
2025-06-18 11:11:36.711360,333.0,748116.0,1119117.0
2025-06-18 11:11:37.193275,333.0,748116.0,1119117.0
2025-06-18 11:11:37.811835,333.05,748123.0,1119136.0
2025-06-18 11:11:38.185598,333.05,748123.0,1119136.0
2025-06-18 11:11:38.912646,333.05,748050.0,1117861.0
2025-06-18 11:11:39.189050,333.05,748050.0,1117861.0
2025-06-18 11:11:40.027008,333.05,748049.0,1117859.0
2025-06-18 11:11:40.176163,333.05,748049.0,1117859.0
2025-06-18 11:11:41.520643,333.05,748060.0,1118124.0
2025-06-18 11:11:42.187524,333.05,748060.0,1118124.0
2025-06-18 11:11:42.538805,333.05,750823.0,1115670.0
2025-06-18 11:11:43.201119,333.05,750823.0,1115670.0
2025-06-18 11:11:43.545254,333.05,751013.0,1113790.0
2025-06-18 11:11:44.521708,333.05,751525.0,1114900.0
2025-06-18 11:11:45.187350,333.05,751525.0,1114900.0
2025-06-18 11:11:45.615277,333.1,749672.0,1114843.0
2025-06-18 11:11:46.178229,333.1,749672.0,1114843.0
2025-06-18 11:11:46.521977,333.1,750636.0,1114900.0
2025-06-18 11:11:47.212642,333.1,750636.0,1114900.0
2025-06-18 11:11:47.540030,333.0,749155.0,1114825.0
2025-06-18 11:11:48.194260,333.0,749155.0,1114825.0
2025-06-18 11:11:48.415055,333.0,748736.0,1114896.0
2025-06-18 11:11:49.193630,333.1,748736.0,1114896.0
2025-06-18 11:11:49.415686,333.1,751805.0,1115769.0
2025-06-18 11:11:50.189757,333.0,751805.0,1115769.0
2025-06-18 11:11:50.540868,333.0,752727.0,1116243.0
2025-06-18 11:11:51.205483,333.1,752727.0,1116243.0
2025-06-18 11:11:51.528163,333.1,752417.0,1116221.0
2025-06-18 11:11:52.187747,333.1,752417.0,1116221.0
2025-06-18 11:11:52.615693,333.1,752438.0,1116987.0
2025-06-18 11:11:53.197474,333.1,752438.0,1116987.0
2025-06-18 11:11:53.716917,333.1,754565.0,1115348.0
2025-06-18 11:11:54.193464,333.1,754565.0,1115348.0
2025-06-18 11:11:54.820009,333.0,754497.0,1115335.0
2025-06-18 11:11:55.202050,333.0,754497.0,1115335.0
2025-06-18 11:11:55.822330,333.1,755883.0,1116826.0
2025-06-18 11:11:56.186727,333.0,755883.0,1116826.0
2025-06-18 11:11:56.822198,333.1,755028.0,1116825.0
2025-06-18 11:11:57.187696,333.1,755028.0,1116825.0
2025-06-18 11:11:57.923272,333.1,754434.0,1115263.0
2025-06-18 11:11:58.407790,333.1,754434.0,1115263.0
2025-06-18 11:11:59.035981,333.1,753950.0,1115601.0
2025-06-18 11:11:59.180540,333.1,753950.0,1115601.0
2025-06-18 11:12:00.034024,333.1,754595.0,1115667.0
2025-06-18 11:12:00.178512,333.1,754595.0,1115667.0
2025-06-18 11:12:02.336737,333.1,754595.0,1115667.0
2025-06-18 11:12:03.535920,333.1,754664.0,1114727.0
2025-06-18 11:12:04.185711,333.1,754664.0,1114727.0
2025-06-18 11:12:06.183964,333.05,754664.0,1114727.0
2025-06-18 11:12:08.185377,333.1,754664.0,1114727.0
2025-06-18 11:12:08.332287,333.1,756044.0,1113422.0
2025-06-18 11:12:10.192811,333.05,756044.0,1113422.0
2025-06-18 11:12:12.200959,333.1,756044.0,1113422.0
2025-06-18 11:12:13.435532,333.1,756025.0,1114923.0
2025-06-18 11:12:14.187032,333.1,756025.0,1114923.0
2025-06-18 11:12:16.186937,333.05,756025.0,1114923.0
2025-06-18 11:12:18.214948,333.1,756025.0,1114923.0
2025-06-18 11:12:18.738936,333.1,755081.0,1115033.0
2025-06-18 11:12:20.181513,333.05,755081.0,1115033.0
2025-06-18 11:12:22.182208,333.1,755081.0,1115033.0
2025-06-18 11:12:23.842078,333.15,754291.0,1109738.0
2025-06-18 11:12:24.188571,333.15,754291.0,1109738.0
2025-06-18 11:12:26.186565,333.15,754291.0,1109738.0
2025-06-18 11:12:28.748374,333.15,754839.0,1109260.0
2025-06-18 11:12:29.178625,333.15,754839.0,1109260.0
2025-06-18 11:12:30.194976,333.15,754839.0,1109260.0
2025-06-18 11:12:32.209606,333.15,754839.0,1109260.0
2025-06-18 11:12:33.952651,333.15,753905.0,1111423.0
2025-06-18 11:12:34.187420,333.1,753905.0,1111423.0
2025-06-18 11:12:36.205650,333.05,753905.0,1111423.0
2025-06-18 11:12:38.191798,333.1,753905.0,1111423.0
2025-06-18 11:12:39.254332,333.1,754383.0,1110942.0
2025-06-18 11:12:40.188364,333.1,754383.0,1110942.0
2025-06-18 11:12:42.186611,333.0,754383.0,1110942.0
2025-06-18 11:12:44.200288,333.05,754383.0,1110942.0
2025-06-18 11:12:44.260652,333.05,747782.0,1121394.0
2025-06-18 11:12:46.184693,333.0,747782.0,1121394.0
2025-06-18 11:12:47.559786,333.0,747782.0,1121394.0
2025-06-18 11:12:48.187359,333.05,747782.0,1121394.0
2025-06-18 11:12:48.624085,333.05,747782.0,1121394.0
2025-06-18 11:12:49.262374,333.05,751186.0,1114562.0
2025-06-18 11:12:49.531083,333.05,751186.0,1114562.0
2025-06-18 11:12:50.189301,333.05,751186.0,1114562.0
2025-06-18 11:12:50.457299,333.05,751186.0,1114562.0
2025-06-18 11:12:51.312788,333.05,751186.0,1114562.0
2025-06-18 11:12:52.076153,333.05,751186.0,1114562.0
2025-06-18 11:12:52.188706,333.05,751186.0,1114562.0
2025-06-18 11:12:53.070878,333.05,751186.0,1114562.0
2025-06-18 11:12:54.038686,333.05,751186.0,1114562.0
2025-06-18 11:12:54.187992,333.05,751186.0,1114562.0
2025-06-18 11:12:54.522312,333.05,751186.0,1114562.0
2025-06-18 11:12:54.969890,333.15,749642.0,1111857.0
2025-06-18 11:12:55.762051,333.15,749642.0,1111857.0
2025-06-18 11:12:56.187817,333.1,749642.0,1111857.0
2025-06-18 11:12:57.004549,333.1,749642.0,1111857.0
2025-06-18 11:12:57.881852,333.1,749642.0,1111857.0
2025-06-18 11:12:58.191996,333.1,749642.0,1111857.0
2025-06-18 11:12:59.285356,333.1,749642.0,1111857.0
2025-06-18 11:13:00.196205,333.1,749642.0,1111857.0
2025-06-18 11:13:00.391050,333.1,749642.0,1111857.0
2025-06-18 11:13:00.469873,333.1,748752.0,1112913.0
2025-06-18 11:13:01.571164,333.1,748752.0,1112913.0
2025-06-18 11:13:02.186460,333.1,748752.0,1112913.0
2025-06-18 11:13:03.031955,333.1,748752.0,1112913.0
2025-06-18 11:13:04.190573,333.1,748752.0,1112913.0
2025-06-18 11:13:05.374862,333.1,748752.0,1113095.0
2025-06-18 11:13:06.188946,333.0,748752.0,1113095.0
2025-06-18 11:13:08.187595,333.1,748752.0,1113095.0
2025-06-18 11:13:10.186676,333.1,748752.0,1113095.0
2025-06-18 11:13:10.278773,333.1,745744.0,1111092.0
2025-06-18 11:13:12.190773,333.1,745744.0,1111092.0
2025-06-18 11:13:14.189230,333.1,745744.0,1111092.0
2025-06-18 11:13:15.080985,333.1,746138.0,1112887.0
2025-06-18 11:13:16.195279,333.0,746138.0,1112887.0
2025-06-18 11:13:18.195670,333.1,746138.0,1112887.0
2025-06-18 11:13:19.884160,333.1,746053.0,1113554.0
2025-06-18 11:13:20.189988,333.1,746053.0,1113554.0
2025-06-18 11:13:22.193913,333.0,746053.0,1113554.0
2025-06-18 11:13:24.191557,333.0,746053.0,1113554.0
2025-06-18 11:13:24.886559,333.0,744092.0,1117484.0
2025-06-18 11:13:26.191227,332.9,744092.0,1117484.0
2025-06-18 11:13:28.191555,333.1,744092.0,1117484.0
2025-06-18 11:13:29.896317,333.1,724688.0,1115468.0
2025-06-18 11:13:30.194307,333.1,724688.0,1115468.0
2025-06-18 11:13:32.188531,333.1,724688.0,1115468.0
2025-06-18 11:13:34.194334,332.9,724688.0,1115468.0
2025-06-18 11:13:34.690820,332.9,729605.0,1113157.0
2025-06-18 11:13:36.191386,332.95,729605.0,1113157.0
2025-06-18 11:13:38.189012,332.95,729605.0,1113157.0
2025-06-18 11:13:39.996064,333.0,728402.0,1115534.0
2025-06-18 11:13:40.195855,333.0,728402.0,1115534.0
2025-06-18 11:13:42.193193,333.0,728402.0,1115534.0
2025-06-18 11:13:44.196656,333.0,728402.0,1115534.0
2025-06-18 11:13:45.103662,333.0,727002.0,1114967.0
2025-06-18 11:13:46.195269,333.1,727002.0,1114967.0
2025-06-18 11:13:48.193397,333.1,727002.0,1114967.0
2025-06-18 11:13:50.002293,333.1,727092.0,1117864.0
2025-06-18 11:13:50.204077,333.1,727092.0,1117864.0
2025-06-18 11:13:52.194245,333.1,727092.0,1117864.0
2025-06-18 11:13:54.902441,332.95,729488.0,1113288.0
2025-06-18 11:13:55.188297,332.95,729488.0,1113288.0
2025-06-18 11:13:56.193042,333.0,729488.0,1113288.0
2025-06-18 11:13:58.190761,333.15,729488.0,1113288.0
2025-06-18 11:14:00.193836,333.15,729488.0,1113288.0
2025-06-18 11:14:00.404596,333.15,725578.0,1111126.0
2025-06-18 11:14:02.192192,333.15,725578.0,1111126.0
2025-06-18 11:14:04.196929,332.95,725578.0,1111126.0
2025-06-18 11:14:05.215747,333.15,727045.0,1110847.0
2025-06-18 11:14:06.194239,333.05,727045.0,1110847.0
2025-06-18 11:14:08.196864,333.15,727045.0,1110847.0
2025-06-18 11:14:10.195820,333.15,727045.0,1110847.0
2025-06-18 11:14:10.228821,333.15,728709.0,1108796.0
2025-06-18 11:14:12.192171,333.15,728709.0,1108796.0
2025-06-18 11:14:14.196714,333.2,728709.0,1108796.0
2025-06-18 11:14:15.314382,333.05,730327.0,1106851.0
2025-06-18 11:14:16.203341,333.2,730327.0,1106851.0
2025-06-18 11:14:18.195974,333.2,730327.0,1106851.0
2025-06-18 11:14:20.197266,333.2,730327.0,1106851.0
2025-06-18 11:14:20.218293,333.2,735780.0,1106976.0
2025-06-18 11:14:22.241369,333.2,735780.0,1106976.0
2025-06-18 11:14:25.120647,333.2,738742.0,1101855.0
2025-06-18 11:14:25.191198,333.2,738742.0,1101855.0
2025-06-18 11:14:27.191916,333.2,738742.0,1101855.0
2025-06-18 11:14:28.195667,333.1,738742.0,1101855.0
2025-06-18 11:14:30.197164,333.1,738742.0,1101855.0
2025-06-18 11:14:30.424683,333.2,734280.0,1101487.0
2025-06-18 11:14:32.207873,333.2,734280.0,1101487.0
2025-06-18 11:14:34.203943,333.2,734280.0,1101487.0
2025-06-18 11:14:35.730009,333.25,736524.0,1097377.0
2025-06-18 11:14:37.213842,333.2,736524.0,1097377.0
2025-06-18 11:14:38.202671,333.2,736524.0,1097377.0
2025-06-18 11:14:40.196463,333.2,736524.0,1097377.0
2025-06-18 11:14:40.731306,333.2,731957.0,1097819.0
2025-06-18 11:14:42.192476,333.25,731957.0,1097819.0
2025-06-18 11:14:44.195336,333.15,731957.0,1097819.0
2025-06-18 11:14:46.047849,333.1,735401.0,1097940.0
2025-06-18 11:14:46.197914,333.1,735401.0,1097940.0
2025-06-18 11:14:48.202122,333.2,735401.0,1097940.0
2025-06-18 11:14:50.204167,333.2,735401.0,1097940.0
2025-06-18 11:14:51.552115,333.2,735058.0,1100252.0
2025-06-18 11:14:52.218025,333.2,735058.0,1100252.0
2025-06-18 11:14:54.196159,333.2,735058.0,1100252.0
2025-06-18 11:14:56.198930,333.1,735058.0,1100252.0
2025-06-18 11:14:57.053427,333.1,736435.0,1102404.0
2025-06-18 11:14:58.215264,333.2,736435.0,1102404.0
2025-06-18 11:15:00.196538,333.2,736435.0,1102404.0
2025-06-18 11:15:02.201251,333.2,736435.0,1102404.0
2025-06-18 11:15:02.252349,333.1,735345.0,1102140.0
2025-06-18 11:15:04.197945,333.2,735345.0,1102140.0
2025-06-18 11:15:06.959926,333.1,735345.0,1102140.0
2025-06-18 11:15:07.553469,333.2,735393.0,1103463.0
2025-06-18 11:15:08.197129,333.2,735393.0,1103463.0
2025-06-18 11:15:10.513644,333.2,735393.0,1103463.0
2025-06-18 11:15:12.199079,333.2,735393.0,1103463.0
2025-06-18 11:15:12.757898,333.2,735436.0,1102827.0
2025-06-18 11:15:14.209202,333.2,735436.0,1102827.0
2025-06-18 11:15:16.206048,333.2,735436.0,1102827.0
2025-06-18 11:15:17.761113,333.2,735185.0,1104357.0
2025-06-18 11:15:18.201046,333.2,735185.0,1104357.0
2025-06-18 11:15:20.201989,333.2,735185.0,1104357.0
2025-06-18 11:15:22.199366,333.2,735185.0,1104357.0
2025-06-18 11:15:22.674419,333.2,735617.0,1104294.0
2025-06-18 11:15:24.203424,333.2,735617.0,1104294.0
2025-06-18 11:15:26.200985,333.1,735617.0,1104294.0
2025-06-18 11:15:27.866857,333.2,740621.0,1093497.0
2025-06-18 11:15:28.209098,333.3,740621.0,1093497.0
2025-06-18 11:15:30.202242,333.2,740621.0,1093497.0
2025-06-18 11:15:32.201968,333.2,740621.0,1093497.0
2025-06-18 11:15:33.574126,333.2,736697.0,1100946.0
2025-06-18 11:15:34.216548,333.2,736697.0,1100946.0
2025-06-18 11:15:36.198990,333.25,736697.0,1100946.0
2025-06-18 11:15:38.213141,333.25,736697.0,1100946.0
2025-06-18 11:15:38.878757,333.25,740041.0,1102582.0
2025-06-18 11:15:40.200263,333.25,740041.0,1102582.0
2025-06-18 11:15:42.201850,333.25,740041.0,1102582.0
2025-06-18 11:15:43.979912,333.15,740847.0,1104528.0
2025-06-18 11:15:44.206258,333.2,740847.0,1104528.0
2025-06-18 11:15:46.219165,333.15,740847.0,1104528.0
2025-06-18 11:15:48.066212,333.15,740847.0,1104528.0
2025-06-18 11:15:48.203605,333.25,740847.0,1104528.0
2025-06-18 11:15:49.090839,333.25,740847.0,1104528.0
2025-06-18 11:15:49.482528,333.25,742546.0,1103495.0
2025-06-18 11:15:49.996566,333.25,742546.0,1103495.0
2025-06-18 11:15:50.206306,333.25,742546.0,1103495.0
2025-06-18 11:15:50.934342,333.25,742546.0,1103495.0
2025-06-18 11:15:51.774962,333.25,742546.0,1103495.0
2025-06-18 11:15:52.201909,333.25,742546.0,1103495.0
2025-06-18 11:15:52.575989,333.25,742546.0,1103495.0
2025-06-18 11:15:53.584672,333.25,742546.0,1103495.0
2025-06-18 11:15:54.133449,333.25,742546.0,1103495.0
2025-06-18 11:15:54.202533,333.25,742546.0,1103495.0
2025-06-18 11:15:54.532562,333.25,742546.0,1103495.0
2025-06-18 11:15:54.884776,333.25,742106.0,1106874.0
2025-06-18 11:15:55.027979,333.25,742106.0,1106874.0
2025-06-18 11:15:56.204542,333.15,742106.0,1106874.0
2025-06-18 11:15:56.288562,333.15,742106.0,1106874.0
2025-06-18 11:15:57.551849,333.15,742106.0,1106874.0
2025-06-18 11:15:58.246943,333.15,742106.0,1106874.0
2025-06-18 11:15:58.407321,333.15,742106.0,1106874.0
2025-06-18 11:16:00.087650,333.25,741538.0,1106338.0
2025-06-18 11:16:00.105635,333.25,741538.0,1106338.0
2025-06-18 11:16:00.198802,333.25,741538.0,1106338.0
2025-06-18 11:16:01.246803,333.25,741538.0,1106338.0
2025-06-18 11:16:01.888198,333.25,741791.0,1107032.0
2025-06-18 11:16:02.200475,333.25,741791.0,1107032.0
2025-06-18 11:16:02.397406,333.25,741791.0,1107032.0
2025-06-18 11:16:02.889759,333.25,741586.0,1107553.0
2025-06-18 11:16:03.197197,333.2,741586.0,1107553.0
2025-06-18 11:16:03.793453,333.2,741773.0,1103862.0
2025-06-18 11:16:03.863620,333.2,741773.0,1103862.0
2025-06-18 11:16:04.196977,333.2,741773.0,1103862.0
2025-06-18 11:16:04.790726,333.2,743135.0,1103549.0
2025-06-18 11:16:05.203271,333.2,743135.0,1103549.0
2025-06-18 11:16:05.789713,333.2,742218.0,1105168.0
2025-06-18 11:16:06.197105,333.15,742218.0,1105168.0
2025-06-18 11:16:06.790621,333.25,741963.0,1105141.0
2025-06-18 11:16:07.199686,333.25,741963.0,1105141.0
2025-06-18 11:16:07.693238,333.25,742500.0,1104671.0
2025-06-18 11:16:08.727929,333.25,742500.0,1104671.0
2025-06-18 11:16:08.767585,333.25,743402.0,1100227.0
2025-06-18 11:16:09.197759,333.25,743402.0,1100227.0
2025-06-18 11:16:09.592723,333.25,742574.0,1101207.0
2025-06-18 11:16:10.442688,333.25,742574.0,1101207.0
2025-06-18 11:16:10.594414,333.25,742649.0,1100829.0
2025-06-18 11:16:11.198023,333.25,742649.0,1100829.0
2025-06-18 11:16:11.596007,333.25,741746.0,1101291.0
2025-06-18 11:16:12.201715,333.25,741746.0,1101291.0
2025-06-18 11:16:12.598674,333.15,740847.0,1100241.0
2025-06-18 11:16:13.198758,333.2,740847.0,1100241.0
2025-06-18 11:16:13.495780,333.15,736795.0,1104981.0
2025-06-18 11:16:14.197565,333.1,736795.0,1104981.0
2025-06-18 11:16:15.198796,333.2,736795.0,1104981.0
2025-06-18 11:16:15.397364,333.2,740002.0,1103565.0
2025-06-18 11:16:16.209509,333.1,740002.0,1103565.0
2025-06-18 11:16:17.200393,333.2,740002.0,1103565.0
2025-06-18 11:16:17.208723,333.2,739557.0,1102568.0
2025-06-18 11:16:18.197696,333.2,739557.0,1102568.0
2025-06-18 11:16:18.207733,333.2,738965.0,1102852.0
2025-06-18 11:16:19.205074,333.2,738965.0,1102852.0
2025-06-18 11:16:19.207430,333.2,739087.0,1102135.0
2025-06-18 11:16:20.203306,333.2,739087.0,1102135.0
2025-06-18 11:16:20.208974,333.2,738705.0,1103248.0
2025-06-18 11:16:21.298277,333.2,738958.0,1107070.0
2025-06-18 11:16:22.200106,333.2,738958.0,1107070.0
2025-06-18 11:16:22.306300,333.2,738784.0,1107226.0
2025-06-18 11:16:23.198756,333.2,738784.0,1107226.0
2025-06-18 11:16:23.399041,333.2,739254.0,1108484.0
2025-06-18 11:16:24.198834,333.2,739254.0,1108484.0
2025-06-18 11:16:24.300179,333.2,738639.0,1108391.0
2025-06-18 11:16:25.199292,333.2,738639.0,1108391.0
2025-06-18 11:16:25.301077,333.2,738238.0,1107440.0
2025-06-18 11:16:26.200370,333.1,738238.0,1107440.0
2025-06-18 11:16:26.236045,333.1,738691.0,1108360.0
2025-06-18 11:16:27.200705,333.2,738691.0,1108360.0
2025-06-18 11:16:27.209787,333.2,738634.0,1108169.0
2025-06-18 11:16:28.205410,333.2,738634.0,1108169.0
2025-06-18 11:16:28.321656,333.2,739477.0,1107668.0
2025-06-18 11:16:29.204730,333.2,739477.0,1107668.0
2025-06-18 11:16:29.307713,333.2,739476.0,1108899.0
2025-06-18 11:16:30.229398,333.2,739476.0,1108899.0
2025-06-18 11:16:30.408086,333.2,737824.0,1109495.0
2025-06-18 11:16:31.199501,333.2,737824.0,1109495.0
2025-06-18 11:16:31.408889,333.2,737971.0,1108719.0
2025-06-18 11:16:32.203920,333.2,737971.0,1108719.0
2025-06-18 11:16:32.512840,333.2,739312.0,1108673.0
2025-06-18 11:16:33.202588,333.1,739312.0,1108673.0
2025-06-18 11:16:33.510038,333.1,738954.0,1109500.0
2025-06-18 11:16:34.203020,333.2,738954.0,1109500.0
2025-06-18 11:16:34.410359,333.2,738508.0,1109277.0
2025-06-18 11:16:35.206392,333.2,738508.0,1109277.0
2025-06-18 11:16:35.411775,333.2,738262.0,1107941.0
2025-06-18 11:16:36.333654,333.1,738262.0,1107941.0
2025-06-18 11:16:36.412443,333.2,738062.0,1108688.0
2025-06-18 11:16:37.199595,333.2,738062.0,1108688.0
2025-06-18 11:16:37.413225,333.2,738498.0,1107737.0
2025-06-18 11:16:38.235813,333.2,738498.0,1107737.0
2025-06-18 11:16:38.412564,333.2,737183.0,1107641.0
2025-06-18 11:16:40.327093,333.2,737263.0,1108634.0
2025-06-18 11:16:40.329293,333.2,737263.0,1108634.0
2025-06-18 11:16:40.413911,333.1,736607.0,1108602.0
2025-06-18 11:16:41.211091,333.1,736607.0,1108602.0
2025-06-18 11:16:41.416214,333.1,736255.0,1108603.0
2025-06-18 11:16:42.209988,333.2,736255.0,1108603.0
2025-06-18 11:16:42.416618,333.2,737285.0,1107553.0
2025-06-18 11:16:43.204247,333.2,737285.0,1107553.0
2025-06-18 11:16:43.416663,333.2,736326.0,1106894.0
2025-06-18 11:16:44.202138,333.2,736326.0,1106894.0
2025-06-18 11:16:44.315426,333.2,737296.0,1106769.0
2025-06-18 11:16:45.206952,333.2,737296.0,1106769.0
2025-06-18 11:16:45.317088,333.2,737704.0,1106374.0
2025-06-18 11:16:46.203703,333.2,737704.0,1106374.0
2025-06-18 11:16:46.418966,333.2,737058.0,1107587.0
2025-06-18 11:16:47.208012,333.2,737058.0,1107587.0
2025-06-18 11:16:47.416103,333.2,736751.0,1106624.0
2025-06-18 11:16:48.217887,333.2,736751.0,1106624.0
2025-06-18 11:16:48.416327,333.2,735507.0,1107098.0
2025-06-18 11:16:49.205463,333.1,735507.0,1107098.0
2025-06-18 11:16:49.417710,333.1,736122.0,1107429.0
2025-06-18 11:16:50.206103,333.2,736122.0,1107429.0
2025-06-18 11:16:50.518925,333.2,736009.0,1108306.0
2025-06-18 11:16:51.521197,333.2,737371.0,1106922.0
2025-06-18 11:16:52.215074,333.2,737371.0,1106922.0
2025-06-18 11:16:52.520646,333.2,735365.0,1106686.0
2025-06-18 11:16:53.205994,333.1,735365.0,1106686.0
2025-06-18 11:16:53.522974,333.2,735685.0,1106523.0
2025-06-18 11:16:54.203121,333.2,735685.0,1106523.0
2025-06-18 11:16:54.523277,333.2,734727.0,1107483.0
2025-06-18 11:16:55.206579,333.2,734727.0,1107483.0
2025-06-18 11:16:55.623405,333.2,734401.0,1107399.0
2025-06-18 11:16:56.206296,333.1,734401.0,1107399.0
2025-06-18 11:16:56.623134,333.1,734039.0,1107378.0
2025-06-18 11:16:57.204990,333.2,734039.0,1107378.0
2025-06-18 11:16:57.724363,333.2,734319.0,1108458.0
2025-06-18 11:16:58.838693,333.2,735518.0,1108337.0
2025-06-18 11:17:00.408936,333.2,735518.0,1108337.0
2025-06-18 11:17:00.446711,333.2,734843.0,1107183.0
2025-06-18 11:17:00.450396,333.2,734843.0,1107183.0
2025-06-18 11:17:01.625454,333.1,736595.0,1107500.0
2025-06-18 11:17:02.208007,333.1,736595.0,1107500.0
2025-06-18 11:17:02.724860,333.2,735884.0,1106115.0
2025-06-18 11:17:03.201842,333.2,735884.0,1106115.0
2025-06-18 11:17:03.728813,333.2,736453.0,1106849.0
2025-06-18 11:17:04.210407,333.2,736453.0,1106849.0
2025-06-18 11:17:04.725772,333.2,736773.0,1106850.0
2025-06-18 11:17:05.205209,333.2,736773.0,1106850.0
2025-06-18 11:17:05.727329,333.2,736218.0,1105419.0
2025-06-18 11:17:06.208027,333.15,736218.0,1105419.0
2025-06-18 11:17:06.727064,333.15,735793.0,1107371.0
2025-06-18 11:17:07.205639,333.2,735793.0,1107371.0
2025-06-18 11:17:07.727927,333.2,735624.0,1107343.0
2025-06-18 11:17:08.205381,333.15,735624.0,1107343.0
2025-06-18 11:17:08.826355,333.15,736017.0,1107383.0
2025-06-18 11:17:09.205618,333.15,736017.0,1107383.0
2025-06-18 11:17:09.727967,333.15,736233.0,1107593.0
2025-06-18 11:17:10.207389,333.15,736233.0,1107593.0
2025-06-18 11:17:10.630137,333.15,735412.0,1107334.0
2025-06-18 11:17:11.208123,333.15,735412.0,1107334.0
2025-06-18 11:17:11.734041,333.2,735694.0,1108475.0
2025-06-18 11:17:12.204790,333.2,735694.0,1108475.0
2025-06-18 11:17:12.732651,333.15,735186.0,1107108.0
2025-06-18 11:17:13.204100,333.15,735186.0,1107108.0
2025-06-18 11:17:13.831853,333.2,734589.0,1108334.0
2025-06-18 11:17:14.207560,333.2,734589.0,1108334.0
2025-06-18 11:17:14.948115,333.2,736271.0,1108266.0
2025-06-18 11:17:15.208103,333.2,736271.0,1108266.0
2025-06-18 11:17:16.204164,333.15,736271.0,1108266.0
2025-06-18 11:17:16.534932,333.15,738118.0,1108812.0
2025-06-18 11:17:17.205860,333.2,738118.0,1108812.0
2025-06-18 11:17:17.637238,333.2,739818.0,1108121.0
2025-06-18 11:17:18.244494,333.2,739818.0,1108121.0
2025-06-18 11:17:18.737080,333.2,739386.0,1108136.0
2025-06-18 11:17:19.206693,333.2,739386.0,1108136.0
2025-06-18 11:17:19.837574,333.2,738615.0,1107863.0
2025-06-18 11:17:20.208409,333.2,738615.0,1107863.0
2025-06-18 11:17:20.839603,333.2,739624.0,1108039.0
2025-06-18 11:17:21.207639,333.15,739624.0,1108039.0
2025-06-18 11:17:21.839678,333.15,739695.0,1107768.0
2025-06-18 11:17:22.207186,333.2,739695.0,1107768.0
2025-06-18 11:17:22.939294,333.2,740168.0,1108105.0
2025-06-18 11:17:23.206094,333.2,740168.0,1108105.0
2025-06-18 11:17:23.940470,333.2,739615.0,1108102.0
2025-06-18 11:17:24.205343,333.2,739615.0,1108102.0
2025-06-18 11:17:24.948983,333.15,739237.0,1108279.0
2025-06-18 11:17:25.208227,333.15,739237.0,1108279.0
2025-06-18 11:17:25.940931,333.2,739462.0,1107842.0
2025-06-18 11:17:26.208454,333.15,739462.0,1107842.0
2025-06-18 11:17:26.944192,333.2,738558.0,1107910.0
2025-06-18 11:17:27.206433,333.2,738558.0,1107910.0
2025-06-18 11:17:27.842255,333.2,738498.0,1107891.0
2025-06-18 11:17:28.207878,333.2,738498.0,1107891.0
2025-06-18 11:17:28.841570,333.2,738469.0,1107918.0
2025-06-18 11:17:29.208260,333.2,738469.0,1107918.0
2025-06-18 11:17:30.207958,333.2,738469.0,1107918.0
2025-06-18 11:17:30.342152,333.2,738496.0,1107795.0
2025-06-18 11:17:31.207962,333.2,738496.0,1107795.0
2025-06-18 11:17:31.341967,333.2,740749.0,1102947.0
2025-06-18 11:17:32.207983,333.2,740749.0,1102947.0
2025-06-18 11:17:32.444642,333.2,740958.0,1103571.0
2025-06-18 11:17:33.209454,333.2,740958.0,1103571.0
2025-06-18 11:17:33.445413,333.2,741193.0,1106091.0
2025-06-18 11:17:34.207454,333.2,741193.0,1106091.0
2025-06-18 11:17:34.549307,333.2,740775.0,1105522.0
2025-06-18 11:17:35.208423,333.2,740775.0,1105522.0
2025-06-18 11:17:36.156500,333.2,741325.0,1105973.0
2025-06-18 11:17:36.208361,333.2,741325.0,1105973.0
2025-06-18 11:17:37.206888,333.2,741325.0,1105973.0
2025-06-18 11:17:37.250121,333.2,741032.0,1105965.0
2025-06-18 11:17:38.207298,333.2,741032.0,1105965.0
2025-06-18 11:17:38.348106,333.2,740877.0,1106010.0
2025-06-18 11:17:39.209507,333.2,740877.0,1106010.0
2025-06-18 11:17:39.349639,333.2,740880.0,1105963.0
2025-06-18 11:17:40.207725,333.2,740880.0,1105963.0
2025-06-18 11:17:40.350628,333.2,741207.0,1106220.0
2025-06-18 11:17:41.215242,333.2,741207.0,1106220.0
2025-06-18 11:17:41.350791,333.2,741206.0,1106216.0
2025-06-18 11:17:42.351651,333.2,741206.0,1106579.0
2025-06-18 11:17:43.211600,333.2,741206.0,1106579.0
2025-06-18 11:17:43.454140,333.2,740734.0,1106579.0
2025-06-18 11:17:44.208467,333.15,740734.0,1106579.0
2025-06-18 11:17:44.552014,333.15,740625.0,1107120.0
2025-06-18 11:17:45.657552,333.2,740523.0,1107581.0
2025-06-18 11:17:46.208739,333.2,740523.0,1107581.0
2025-06-18 11:17:46.851636,333.25,740492.0,1108029.0
2025-06-18 11:17:47.210937,333.25,740492.0,1108029.0
2025-06-18 11:17:47.851343,333.25,739458.0,1108261.0
2025-06-18 11:17:48.208183,333.25,739458.0,1108261.0
2025-06-18 11:17:48.861459,333.2,740119.0,1108338.0
2025-06-18 11:17:49.206777,333.2,740119.0,1108338.0
2025-06-18 11:17:49.853558,333.25,742051.0,1107873.0
2025-06-18 11:17:50.208797,333.25,742051.0,1107873.0
2025-06-18 11:17:50.855352,333.25,742052.0,1107543.0
2025-06-18 11:17:51.229944,333.25,742052.0,1107543.0
2025-06-18 11:17:51.955697,333.25,742197.0,1107817.0
2025-06-18 11:17:52.206155,333.2,742197.0,1107817.0
2025-06-18 11:17:53.065204,333.25,742386.0,1107806.0
2025-06-18 11:17:53.206514,333.25,742386.0,1107806.0
2025-06-18 11:17:54.101671,333.2,741313.0,1107314.0
2025-06-18 11:17:54.207692,333.2,741313.0,1107314.0
2025-06-18 11:17:54.970809,333.2,742260.0,1107152.0
2025-06-18 11:17:55.209726,333.2,742260.0,1107152.0
2025-06-18 11:17:55.965213,333.25,742618.0,1106855.0
2025-06-18 11:17:56.207566,333.2,742618.0,1106855.0
2025-06-18 11:17:57.073614,333.25,743118.0,1106783.0
2025-06-18 11:17:57.211091,333.25,743118.0,1106783.0
2025-06-18 11:17:58.166862,333.25,743272.0,1106848.0
2025-06-18 11:17:58.207356,333.25,743272.0,1106848.0
2025-06-18 11:17:59.208777,333.25,743272.0,1106848.0
2025-06-18 11:17:59.264323,333.25,743265.0,1106470.0
2025-06-18 11:18:00.237270,333.25,743265.0,1106470.0
2025-06-18 11:18:00.362955,333.25,743371.0,1106520.0
2025-06-18 11:18:01.969684,333.25,743284.0,1106774.0
2025-06-18 11:18:02.249351,333.25,743284.0,1106774.0
2025-06-18 11:18:04.218541,333.25,743284.0,1106774.0
2025-06-18 11:18:06.219077,333.2,743284.0,1106774.0
2025-06-18 11:18:06.766480,333.25,744751.0,1106684.0
2025-06-18 11:18:08.237921,333.25,744751.0,1106684.0
2025-06-18 11:18:10.492870,333.2,744751.0,1106684.0
2025-06-18 11:18:11.577604,333.15,737764.0,1111360.0
2025-06-18 11:18:13.242690,333.2,737764.0,1111360.0
2025-06-18 11:18:17.210040,333.2,737764.0,1111360.0
2025-06-18 11:18:17.474194,333.2,741065.0,1109904.0
2025-06-18 11:18:19.216276,333.2,741065.0,1109904.0
2025-06-18 11:18:21.267235,333.1,741065.0,1109904.0
2025-06-18 11:18:23.212315,333.2,741065.0,1109904.0
2025-06-18 11:18:23.282911,333.2,741169.0,1108071.0
2025-06-18 11:18:25.216430,333.2,741169.0,1108071.0
2025-06-18 11:18:27.213704,333.1,741169.0,1108071.0
2025-06-18 11:18:28.481856,333.2,743780.0,1105651.0
2025-06-18 11:18:29.232589,333.1,743780.0,1105651.0
2025-06-18 11:18:31.216575,333.2,743780.0,1105651.0
2025-06-18 11:18:33.241807,333.2,743780.0,1105651.0
2025-06-18 11:18:33.487870,333.2,745144.0,1106275.0
2025-06-18 11:18:35.220067,333.2,745144.0,1106275.0
2025-06-18 11:18:37.221057,333.2,745144.0,1106275.0
2025-06-18 11:18:38.689817,333.2,734427.0,1105913.0
2025-06-18 11:18:39.216258,333.2,734427.0,1105913.0
2025-06-18 11:18:41.214142,333.2,734427.0,1105913.0
2025-06-18 11:18:43.217672,333.2,734427.0,1105913.0
2025-06-18 11:18:43.612027,333.2,738307.0,1104831.0
2025-06-18 11:18:45.213486,333.2,738307.0,1104831.0
2025-06-18 11:18:47.235238,333.2,738307.0,1104831.0
2025-06-18 11:18:48.288284,333.2,735377.0,1104535.0
2025-06-18 11:18:48.471080,333.2,735377.0,1104535.0
2025-06-18 11:18:49.217250,333.2,735377.0,1104535.0
2025-06-18 11:18:49.548143,333.2,735377.0,1104535.0
2025-06-18 11:18:50.467994,333.2,735377.0,1104535.0
2025-06-18 11:18:51.212776,333.2,735377.0,1104535.0
2025-06-18 11:18:51.400813,333.2,735377.0,1104535.0
2025-06-18 11:18:52.266000,333.2,735377.0,1104535.0
2025-06-18 11:18:52.894726,333.2,737584.0,1105329.0
2025-06-18 11:18:53.034756,333.2,737584.0,1105329.0
2025-06-18 11:18:53.216301,333.2,737584.0,1105329.0
2025-06-18 11:18:54.063757,333.2,737584.0,1105329.0
2025-06-18 11:18:55.030405,333.2,737584.0,1105329.0
2025-06-18 11:18:55.215744,333.1,737584.0,1105329.0
2025-06-18 11:18:55.514022,333.1,737584.0,1105329.0
2025-06-18 11:18:56.784469,333.1,737584.0,1105329.0
2025-06-18 11:18:57.217703,333.15,737584.0,1105329.0
2025-06-18 11:18:57.696209,333.15,737382.0,1107237.0
2025-06-18 11:18:58.026892,333.15,737382.0,1107237.0
2025-06-18 11:18:59.216901,333.15,737382.0,1107237.0
2025-06-18 11:19:00.281409,333.15,737382.0,1107237.0
2025-06-18 11:19:01.220994,333.15,737382.0,1107237.0
2025-06-18 11:19:01.560153,333.15,737382.0,1107237.0
2025-06-18 11:19:02.495141,333.15,737794.0,1107002.0
2025-06-18 11:19:02.709107,333.15,737794.0,1107002.0
2025-06-18 11:19:03.217582,333.2,737794.0,1107002.0
2025-06-18 11:19:04.183578,333.2,737794.0,1107002.0
2025-06-18 11:19:05.219678,333.2,737794.0,1107002.0
2025-06-18 11:19:07.220167,333.2,737794.0,1107002.0
2025-06-18 11:19:08.106963,333.15,741395.0,1106487.0
2025-06-18 11:19:09.217446,333.2,741395.0,1106487.0
2025-06-18 11:19:11.214696,333.15,741395.0,1106487.0
2025-06-18 11:19:13.205640,333.2,742130.0,1107138.0
2025-06-18 11:19:13.225040,333.2,742130.0,1107138.0
2025-06-18 11:19:15.217060,333.2,742130.0,1107138.0
2025-06-18 11:19:17.221457,333.2,742130.0,1107138.0
2025-06-18 11:19:18.309482,333.2,743490.0,1107168.0
2025-06-18 11:19:19.219117,333.1,743490.0,1107168.0
2025-06-18 11:19:21.219202,333.2,743490.0,1107168.0
2025-06-18 11:19:23.218833,333.2,743490.0,1107168.0
2025-06-18 11:19:23.711757,333.2,742054.0,1107160.0
2025-06-18 11:19:25.219409,333.2,742054.0,1107160.0
2025-06-18 11:19:27.222067,333.1,742054.0,1107160.0
2025-06-18 11:19:28.614449,333.1,743873.0,1106207.0
2025-06-18 11:19:29.218180,333.1,743873.0,1106207.0
2025-06-18 11:19:31.219975,333.2,743873.0,1106207.0
2025-06-18 11:19:33.218849,333.2,743873.0,1106207.0
2025-06-18 11:19:33.627528,333.2,742704.0,1107632.0
2025-06-18 11:19:35.225629,333.2,742704.0,1107632.0
2025-06-18 11:19:37.221420,333.15,742704.0,1107632.0
2025-06-18 11:19:38.419340,333.15,742464.0,1107926.0
2025-06-18 11:19:39.229798,333.15,742464.0,1107926.0
2025-06-18 11:19:41.218677,333.15,742464.0,1107926.0
2025-06-18 11:19:43.259898,333.15,742464.0,1107926.0
2025-06-18 11:19:43.424558,333.15,741313.0,1108017.0
2025-06-18 11:19:45.219288,333.15,741313.0,1108017.0
2025-06-18 11:19:47.226377,333.05,741313.0,1108017.0
2025-06-18 11:19:48.422636,333.15,741560.0,1107185.0
2025-06-18 11:19:49.280760,333.2,741560.0,1107185.0
2025-06-18 11:19:51.259391,333.2,741560.0,1107185.0
2025-06-18 11:19:53.231231,333.15,741560.0,1107185.0
2025-06-18 11:19:53.728039,333.2,743589.0,1106970.0
2025-06-18 11:19:55.226842,333.2,743589.0,1106970.0
2025-06-18 11:19:57.220337,333.2,743589.0,1106970.0
2025-06-18 11:20:00.476826,333.2,742781.0,1106302.0
2025-06-18 11:20:00.485346,333.2,742781.0,1106302.0
2025-06-18 11:20:01.229922,333.05,742781.0,1106302.0
2025-06-18 11:20:03.221997,333.15,742781.0,1106302.0
2025-06-18 11:20:04.037672,333.15,739865.0,1109282.0
2025-06-18 11:20:05.226124,333.05,739865.0,1109282.0
2025-06-18 11:20:06.219202,333.15,739865.0,1109282.0
2025-06-18 11:20:07.220191,333.15,739865.0,1109282.0
2025-06-18 11:20:08.218389,333.15,739865.0,1109282.0
2025-06-18 11:20:08.845069,333.15,739183.0,1108821.0
2025-06-18 11:20:09.219439,333.15,739183.0,1108821.0
2025-06-18 11:20:10.218659,333.15,739183.0,1108821.0
2025-06-18 11:20:11.217838,333.15,739183.0,1108821.0
2025-06-18 11:20:12.218503,333.05,739183.0,1108821.0
2025-06-18 11:20:13.222437,333.15,739183.0,1108821.0
2025-06-18 11:20:13.348247,333.15,740026.0,1108815.0
2025-06-18 11:20:15.214038,333.15,740026.0,1108815.0
2025-06-18 11:20:16.219319,333.15,740026.0,1108815.0
2025-06-18 11:20:17.220703,333.15,740026.0,1108815.0
2025-06-18 11:20:18.050391,333.15,740246.0,1108907.0
2025-06-18 11:20:18.224926,333.15,740246.0,1108907.0
2025-06-18 11:20:20.221081,333.2,740246.0,1108907.0
2025-06-18 11:20:22.218362,333.15,740246.0,1108907.0
2025-06-18 11:20:23.054802,333.05,742359.0,1108785.0
2025-06-18 11:20:23.252354,333.05,742359.0,1108785.0
2025-06-18 11:20:24.217586,333.2,742359.0,1108785.0
2025-06-18 11:20:25.218118,333.2,742359.0,1108785.0
2025-06-18 11:20:26.220985,333.15,742359.0,1108785.0
2025-06-18 11:20:28.218120,333.2,742359.0,1108785.0
2025-06-18 11:20:28.260542,333.2,736669.0,1108803.0
2025-06-18 11:20:30.225042,333.2,736669.0,1108803.0
2025-06-18 11:20:32.224164,333.2,736669.0,1108803.0
2025-06-18 11:20:33.160121,333.05,740137.0,1107774.0
2025-06-18 11:20:33.217102,333.05,740137.0,1107774.0
2025-06-18 11:20:34.223405,333.2,740137.0,1107774.0
2025-06-18 11:20:35.218336,333.2,740137.0,1107774.0
2025-06-18 11:20:36.223274,333.1,740137.0,1107774.0
2025-06-18 11:20:37.219702,333.05,740137.0,1107774.0
2025-06-18 11:20:38.067281,333.2,739148.0,1108685.0
2025-06-18 11:20:38.219666,333.2,739148.0,1108685.0
2025-06-18 11:20:39.218046,333.2,739148.0,1108685.0
2025-06-18 11:20:40.228003,333.05,739148.0,1108685.0
2025-06-18 11:20:41.219175,333.2,739148.0,1108685.0
2025-06-18 11:20:42.220114,333.2,739148.0,1108685.0
2025-06-18 11:20:42.872079,333.2,739380.0,1108604.0
2025-06-18 11:20:43.238894,333.2,739380.0,1108604.0
2025-06-18 11:20:44.228670,333.1,739380.0,1108604.0
2025-06-18 11:20:45.222177,333.1,739380.0,1108604.0
2025-06-18 11:20:46.221034,333.05,739380.0,1108604.0
2025-06-18 11:20:47.295593,333.1,739380.0,1108604.0
2025-06-18 11:20:47.874043,333.1,739388.0,1107270.0
2025-06-18 11:20:48.218978,333.1,739388.0,1107270.0
2025-06-18 11:20:49.219862,333.15,739388.0,1107270.0
2025-06-18 11:20:50.225635,333.05,739388.0,1107270.0
2025-06-18 11:20:51.229777,333.15,739388.0,1107270.0
2025-06-18 11:20:52.217272,333.15,739388.0,1107270.0
2025-06-18 11:20:52.875980,333.15,739877.0,1107949.0
2025-06-18 11:20:53.224626,333.15,739877.0,1107949.0
2025-06-18 11:20:54.226295,333.15,739877.0,1107949.0
2025-06-18 11:20:55.221004,333.15,739877.0,1107949.0
2025-06-18 11:20:56.258585,333.05,739877.0,1107949.0
2025-06-18 11:20:57.226035,333.15,739877.0,1107949.0
2025-06-18 11:20:57.978453,333.15,739501.0,1107546.0
2025-06-18 11:20:58.224740,333.15,739501.0,1107546.0
2025-06-18 11:20:59.221771,333.15,739501.0,1107546.0
2025-06-18 11:21:00.222769,333.2,739501.0,1107546.0
2025-06-18 11:21:01.226120,333.2,739501.0,1107546.0
2025-06-18 11:21:02.216908,333.2,739501.0,1107546.0
2025-06-18 11:21:02.579857,333.2,738950.0,1107689.0
2025-06-18 11:21:03.240585,333.2,738950.0,1107689.0
2025-06-18 11:21:04.219410,333.2,738950.0,1107689.0
2025-06-18 11:21:05.222505,333.2,738950.0,1107689.0
2025-06-18 11:21:06.226501,333.1,738950.0,1107689.0
2025-06-18 11:21:07.218072,333.2,738950.0,1107689.0
2025-06-18 11:21:07.479917,333.2,739242.0,1107426.0
2025-06-18 11:21:08.218369,333.2,739242.0,1107426.0
2025-06-18 11:21:09.218613,333.2,739242.0,1107426.0
2025-06-18 11:21:10.218527,333.2,739242.0,1107426.0
2025-06-18 11:21:11.222532,333.15,739242.0,1107426.0
2025-06-18 11:21:12.221182,333.15,739242.0,1107426.0
2025-06-18 11:21:12.285655,333.15,737627.0,1113662.0
2025-06-18 11:21:13.252116,333.15,737627.0,1113662.0
2025-06-18 11:21:14.216284,333.15,737627.0,1113662.0
2025-06-18 11:21:15.235914,333.15,737627.0,1113662.0
2025-06-18 11:21:16.220847,333.1,737627.0,1113662.0
2025-06-18 11:21:16.989209,333.1,738686.0,1115241.0
2025-06-18 11:21:18.221504,333.15,738686.0,1115241.0
2025-06-18 11:21:19.219213,333.15,738686.0,1115241.0
2025-06-18 11:21:20.221297,333.15,738686.0,1115241.0
2025-06-18 11:21:21.230730,333.15,738686.0,1115241.0
2025-06-18 11:21:21.789717,333.15,739290.0,1114259.0
2025-06-18 11:21:22.222141,333.15,739290.0,1114259.0
2025-06-18 11:21:23.218700,333.15,739290.0,1114259.0
2025-06-18 11:21:24.236461,333.15,739290.0,1114259.0
2025-06-18 11:21:25.226527,333.15,739290.0,1114259.0
2025-06-18 11:21:26.221244,333.1,739290.0,1114259.0
2025-06-18 11:21:26.892252,333.15,739327.0,1112316.0
2025-06-18 11:21:27.229960,333.15,739327.0,1112316.0
2025-06-18 11:21:28.221072,333.15,739327.0,1112316.0
2025-06-18 11:21:29.220055,333.15,739327.0,1112316.0
2025-06-18 11:21:30.219911,333.15,739327.0,1112316.0
2025-06-18 11:21:31.220480,333.05,739327.0,1112316.0
2025-06-18 11:21:31.994023,333.05,738370.0,1108563.0
2025-06-18 11:21:33.222818,333.1,738370.0,1108563.0
2025-06-18 11:21:34.220734,333.15,738370.0,1108563.0
2025-06-18 11:21:36.219129,333.1,738370.0,1108563.0
2025-06-18 11:21:36.994701,333.1,738914.0,1108852.0
2025-06-18 11:21:37.223382,333.15,738914.0,1108852.0
2025-06-18 11:21:38.228644,333.15,738914.0,1108852.0
2025-06-18 11:21:39.247620,333.15,738914.0,1108852.0
2025-06-18 11:21:41.403529,333.15,738461.0,1107958.0
2025-06-18 11:21:44.225271,333.15,738461.0,1107958.0
2025-06-18 11:21:46.116804,333.15,738068.0,1108233.0
2025-06-18 11:21:46.236445,333.15,738068.0,1108233.0
2025-06-18 11:21:47.236082,333.15,738068.0,1108233.0
2025-06-18 11:21:48.227460,333.15,738068.0,1108233.0
2025-06-18 11:21:49.050168,333.15,738068.0,1108233.0
2025-06-18 11:21:49.227047,333.15,738068.0,1108233.0
2025-06-18 11:21:50.211031,333.15,738068.0,1108233.0
2025-06-18 11:21:50.228437,333.15,738068.0,1108233.0
2025-06-18 11:21:50.905327,333.1,738485.0,1108173.0
2025-06-18 11:21:51.053895,333.1,738485.0,1108173.0
2025-06-18 11:21:51.254474,333.1,738485.0,1108173.0
2025-06-18 11:21:52.580363,333.1,738485.0,1108173.0
2025-06-18 11:21:52.597194,333.15,738485.0,1108173.0
2025-06-18 11:21:52.846021,333.15,738485.0,1108173.0
2025-06-18 11:21:53.255930,333.15,738485.0,1108173.0
2025-06-18 11:21:53.651021,333.15,738485.0,1108173.0
2025-06-18 11:21:54.223149,333.15,738485.0,1108173.0
2025-06-18 11:21:54.653273,333.15,738485.0,1108173.0
2025-06-18 11:21:55.209107,333.15,738485.0,1108173.0
2025-06-18 11:21:55.243092,333.15,738485.0,1108173.0
2025-06-18 11:21:55.621782,333.15,738485.0,1108173.0
2025-06-18 11:21:56.013419,333.15,738996.0,1108253.0
2025-06-18 11:21:56.110426,333.15,738996.0,1108253.0
2025-06-18 11:21:56.219353,333.15,738996.0,1108253.0
2025-06-18 11:21:56.480883,333.15,738996.0,1108253.0
2025-06-18 11:21:57.232574,333.15,738996.0,1108253.0
2025-06-18 11:21:57.360626,333.15,738996.0,1108253.0
2025-06-18 11:21:58.227107,333.15,738996.0,1108253.0
2025-06-18 11:21:58.673019,333.15,738996.0,1108253.0
2025-06-18 11:21:59.496685,333.15,738996.0,1108253.0
2025-06-18 11:22:00.227596,333.15,738996.0,1108253.0
2025-06-18 11:22:00.883168,333.15,738996.0,1108253.0
2025-06-18 11:22:01.211944,333.15,738947.0,1108400.0
2025-06-18 11:22:01.221465,333.15,738947.0,1108400.0
2025-06-18 11:22:02.018096,333.15,738947.0,1108400.0
2025-06-18 11:22:02.227283,333.1,738947.0,1108400.0
2025-06-18 11:22:03.230294,333.15,738947.0,1108400.0
2025-06-18 11:22:03.386035,333.15,738947.0,1108400.0
2025-06-18 11:22:05.187129,333.15,738947.0,1108400.0
2025-06-18 11:22:05.221266,333.15,738947.0,1108400.0
2025-06-18 11:22:05.232391,333.15,738947.0,1108400.0
2025-06-18 11:22:05.918140,333.1,737976.0,1107591.0
2025-06-18 11:22:06.226010,333.1,737976.0,1107591.0
2025-06-18 11:22:07.228126,333.15,737976.0,1107591.0
2025-06-18 11:22:08.223891,333.15,737976.0,1107591.0
2025-06-18 11:22:09.222923,333.15,737976.0,1107591.0
2025-06-18 11:22:10.223037,333.15,737976.0,1107591.0
2025-06-18 11:22:11.297708,333.05,738021.0,1107763.0
2025-06-18 11:22:11.305444,333.05,738021.0,1107763.0
2025-06-18 11:22:12.227331,333.15,738021.0,1107763.0
2025-06-18 11:22:13.229261,333.15,738021.0,1107763.0
2025-06-18 11:22:15.256616,333.15,738021.0,1107763.0
2025-06-18 11:22:16.135504,333.05,738627.0,1107618.0
2025-06-18 11:22:16.234731,333.05,738627.0,1107618.0
2025-06-18 11:22:17.254200,333.05,738627.0,1107618.0
2025-06-18 11:22:18.226548,333.15,738627.0,1107618.0
2025-06-18 11:22:19.360693,333.15,738627.0,1107618.0
2025-06-18 11:22:21.156684,333.15,738411.0,1108219.0
2025-06-18 11:22:21.254939,333.15,738411.0,1108219.0
2025-06-18 11:22:22.252268,333.15,738411.0,1108219.0
2025-06-18 11:22:23.227063,333.15,738411.0,1108219.0
2025-06-18 11:22:24.230010,333.15,738411.0,1108219.0
2025-06-18 11:22:25.230935,333.15,738411.0,1108219.0
2025-06-18 11:22:26.030095,333.05,738397.0,1107951.0
2025-06-18 11:22:26.235563,333.05,738397.0,1107951.0
2025-06-18 11:22:28.248211,333.05,738397.0,1107951.0
2025-06-18 11:22:29.223814,333.05,738397.0,1107951.0
2025-06-18 11:22:30.226276,333.05,738397.0,1107951.0
2025-06-18 11:22:30.857233,333.15,739078.0,1108079.0
2025-06-18 11:22:31.228741,333.15,739078.0,1108079.0
2025-06-18 11:22:32.250576,333.15,739078.0,1108079.0
2025-06-18 11:22:33.230249,333.15,739078.0,1108079.0
2025-06-18 11:22:34.249595,333.15,739078.0,1108079.0
2025-06-18 11:22:35.228262,333.15,739078.0,1108079.0
2025-06-18 11:22:35.833553,333.15,735623.0,1107530.0
2025-06-18 11:22:36.228398,333.05,735623.0,1107530.0
2025-06-18 11:22:37.224225,333.15,735623.0,1107530.0
2025-06-18 11:22:38.255242,333.15,735623.0,1107530.0
2025-06-18 11:22:39.229814,333.15,735623.0,1107530.0
2025-06-18 11:22:40.352734,333.15,735623.0,1107530.0
2025-06-18 11:22:40.938774,333.15,735931.0,1107252.0
2025-06-18 11:22:41.233906,333.15,735931.0,1107252.0
2025-06-18 11:22:42.228511,333.1,735931.0,1107252.0
2025-06-18 11:22:43.222982,333.15,735931.0,1107252.0
2025-06-18 11:22:45.131817,333.15,735931.0,1107252.0
2025-06-18 11:22:45.247427,333.15,735931.0,1107252.0
2025-06-18 11:22:46.153129,333.1,738095.0,1107283.0
2025-06-18 11:22:46.232303,333.1,738095.0,1107283.0
2025-06-18 11:22:47.226281,333.15,738095.0,1107283.0
2025-06-18 11:22:48.234499,333.15,738095.0,1107283.0
2025-06-18 11:22:49.226102,333.1,738095.0,1107283.0
2025-06-18 11:22:50.230097,333.15,738095.0,1107283.0
2025-06-18 11:22:51.547263,333.15,737824.0,1110310.0
2025-06-18 11:22:52.259706,333.15,737824.0,1110310.0
2025-06-18 11:22:53.233143,333.15,737824.0,1110310.0
2025-06-18 11:22:54.232735,333.1,737824.0,1110310.0
2025-06-18 11:22:55.230447,333.15,737824.0,1110310.0
2025-06-18 11:22:56.231574,333.1,737824.0,1110310.0
2025-06-18 11:22:56.252594,333.1,738186.0,1107909.0
2025-06-18 11:22:57.227081,333.15,738186.0,1107909.0
2025-06-18 11:22:58.234255,333.15,738186.0,1107909.0
2025-06-18 11:22:59.238557,333.15,738186.0,1107909.0
2025-06-18 11:23:00.237785,333.15,738186.0,1107909.0
2025-06-18 11:23:00.952416,333.15,737690.0,1107519.0
2025-06-18 11:23:01.227776,333.15,737690.0,1107519.0
2025-06-18 11:23:02.245630,333.15,737690.0,1107519.0
2025-06-18 11:23:03.237260,333.1,737690.0,1107519.0
2025-06-18 11:23:04.228435,333.15,737690.0,1107519.0
2025-06-18 11:23:05.227933,333.1,737690.0,1107519.0
2025-06-18 11:23:05.856421,333.15,737566.0,1108140.0
2025-06-18 11:23:06.239092,333.1,737566.0,1108140.0
2025-06-18 11:23:07.229412,333.15,737566.0,1108140.0
2025-06-18 11:23:08.232530,333.15,737566.0,1108140.0
2025-06-18 11:23:09.228403,333.1,737566.0,1108140.0
2025-06-18 11:23:10.229569,333.1,737566.0,1108140.0
2025-06-18 11:23:10.854683,333.15,736671.0,1107900.0
2025-06-18 11:23:11.236554,333.15,736671.0,1107900.0
2025-06-18 11:23:12.575125,333.15,736671.0,1107900.0
2025-06-18 11:23:13.243201,333.1,736671.0,1107900.0
2025-06-18 11:23:14.238907,333.15,736671.0,1107900.0
2025-06-18 11:23:15.236046,333.15,736671.0,1107900.0
2025-06-18 11:23:15.673022,333.15,730821.0,1107368.0
2025-06-18 11:23:18.235338,333.1,730821.0,1107368.0
2025-06-18 11:23:21.177033,333.1,727832.0,1114521.0
2025-06-18 11:23:21.227141,333.1,727832.0,1114521.0
2025-06-18 11:23:24.261290,333.1,727832.0,1114521.0
2025-06-18 11:23:25.261619,332.95,727832.0,1114521.0
2025-06-18 11:23:26.677422,333.0,715576.0,1129376.0
2025-06-18 11:23:27.237583,333.0,715576.0,1129376.0
2025-06-18 11:23:29.254596,333.05,715576.0,1129376.0
2025-06-18 11:23:31.281504,333.05,715576.0,1129376.0
2025-06-18 11:23:31.874472,333.05,722707.0,1123522.0
2025-06-18 11:23:33.239260,333.05,722707.0,1123522.0
2025-06-18 11:23:35.233281,332.9,722707.0,1123522.0
2025-06-18 11:23:37.193289,333.0,717877.0,1126451.0
2025-06-18 11:23:37.239237,333.0,717877.0,1126451.0
2025-06-18 11:23:39.236828,333.0,717877.0,1126451.0
2025-06-18 11:23:41.248086,333.0,717877.0,1126451.0
2025-06-18 11:23:42.078341,333.0,716530.0,1124206.0
2025-06-18 11:23:43.239095,333.0,716530.0,1124206.0
2025-06-18 11:23:45.236529,332.8,716530.0,1124206.0
2025-06-18 11:23:46.980093,332.8,715372.0,1131551.0
2025-06-18 11:23:47.236252,332.8,715372.0,1131551.0
2025-06-18 11:23:49.384844,332.85,715372.0,1131551.0
2025-06-18 11:23:51.242870,332.85,715372.0,1131551.0
2025-06-18 11:23:51.784472,332.85,712508.0,1131214.0
2025-06-18 11:23:53.239044,332.85,712508.0,1131214.0
2025-06-18 11:23:55.240502,332.75,712508.0,1131214.0
2025-06-18 11:23:56.488371,332.8,709272.0,1133676.0
2025-06-18 11:23:57.252500,332.8,709272.0,1133676.0
2025-06-18 11:23:59.250324,332.7,709272.0,1133676.0
2025-06-18 11:24:01.239423,332.8,709272.0,1133676.0
2025-06-18 11:24:01.590678,332.8,710406.0,1134787.0
2025-06-18 11:24:03.239964,332.7,710406.0,1134787.0
2025-06-18 11:24:05.243015,332.65,710406.0,1134787.0
2025-06-18 11:24:06.493836,332.7,710208.0,1134282.0
2025-06-18 11:24:07.245680,332.8,710208.0,1134282.0
2025-06-18 11:24:09.243051,332.75,710208.0,1134282.0
2025-06-18 11:24:11.248400,332.8,710208.0,1134282.0
2025-06-18 11:24:11.497554,332.75,712290.0,1132280.0
2025-06-18 11:24:13.238352,332.75,712290.0,1132280.0
2025-06-18 11:24:15.241452,332.85,712290.0,1132280.0
2025-06-18 11:24:17.287480,332.85,709281.0,1134984.0
2025-06-18 11:24:17.361884,332.85,709281.0,1134984.0
2025-06-18 11:24:19.281517,332.9,709281.0,1134984.0
2025-06-18 11:24:21.264533,332.9,709281.0,1134984.0
2025-06-18 11:24:21.298176,332.9,716301.0,1128378.0
2025-06-18 11:24:23.263788,332.85,716301.0,1128378.0
2025-06-18 11:24:25.237115,332.85,716301.0,1128378.0
2025-06-18 11:24:26.502139,332.85,713874.0,1134980.0
2025-06-18 11:24:27.256113,332.85,713874.0,1134980.0
2025-06-18 11:24:29.249807,332.8,713874.0,1134980.0
2025-06-18 11:24:31.265403,332.8,713874.0,1134980.0
2025-06-18 11:24:31.708696,332.8,715354.0,1141402.0
2025-06-18 11:24:33.281619,332.7,715354.0,1141402.0
2025-06-18 11:24:35.245148,332.8,715354.0,1141402.0
2025-06-18 11:24:36.506083,332.8,711970.0,1135633.0
2025-06-18 11:24:37.263776,332.65,711970.0,1135633.0
2025-06-18 11:24:39.272524,332.8,711970.0,1135633.0
2025-06-18 11:24:41.237853,332.8,711970.0,1135633.0
2025-06-18 11:24:41.307080,332.8,714494.0,1134420.0
2025-06-18 11:24:43.236778,332.8,714494.0,1134420.0
2025-06-18 11:24:45.232755,332.8,714494.0,1134420.0
2025-06-18 11:24:46.308899,332.7,713185.0,1134473.0
2025-06-18 11:24:47.243789,332.8,713185.0,1134473.0
2025-06-18 11:24:49.452427,332.7,713185.0,1134473.0
2025-06-18 11:24:49.486434,332.7,713185.0,1134473.0
2025-06-18 11:24:50.570929,332.7,713185.0,1134473.0
2025-06-18 11:24:51.255161,332.8,713185.0,1134473.0
2025-06-18 11:24:51.415582,332.8,711725.0,1133294.0
2025-06-18 11:24:51.478569,332.8,711725.0,1133294.0
2025-06-18 11:24:52.408599,332.8,711725.0,1133294.0
2025-06-18 11:24:53.237680,332.8,711725.0,1133294.0
2025-06-18 11:24:53.301190,332.8,711725.0,1133294.0
2025-06-18 11:24:54.043539,332.8,711725.0,1133294.0
2025-06-18 11:24:55.063430,332.8,711725.0,1133294.0
2025-06-18 11:24:55.313631,332.8,711725.0,1133294.0
2025-06-18 11:24:55.636219,332.8,711725.0,1133294.0
2025-06-18 11:24:56.051790,332.8,711725.0,1133294.0
2025-06-18 11:24:56.221182,332.8,710634.0,1133386.0
2025-06-18 11:24:56.526546,332.8,710634.0,1133386.0
2025-06-18 11:24:57.233496,332.8,710634.0,1133386.0
2025-06-18 11:24:57.782197,332.8,710634.0,1133386.0
2025-06-18 11:24:59.027313,332.8,710634.0,1133386.0
2025-06-18 11:24:59.240022,332.65,710634.0,1133386.0
2025-06-18 11:24:59.900588,332.65,710634.0,1133386.0
2025-06-18 11:25:01.021858,332.8,713548.0,1133438.0
2025-06-18 11:25:01.234792,332.8,713548.0,1133438.0
2025-06-18 11:25:01.283611,332.8,713548.0,1133438.0
2025-06-18 11:25:02.022463,332.8,713411.0,1133484.0
2025-06-18 11:25:02.245784,332.8,713411.0,1133484.0
2025-06-18 11:25:02.414036,332.8,713411.0,1133484.0
2025-06-18 11:25:02.929483,332.7,712212.0,1133652.0
2025-06-18 11:25:03.229527,332.8,712212.0,1133652.0
2025-06-18 11:25:03.547065,332.8,712212.0,1133652.0
2025-06-18 11:25:03.950278,332.7,713192.0,1133597.0
2025-06-18 11:25:04.231689,332.7,713192.0,1133597.0
2025-06-18 11:25:04.826657,332.8,713189.0,1133607.0
2025-06-18 11:25:05.012455,332.8,713189.0,1133607.0
2025-06-18 11:25:05.239510,332.8,713189.0,1133607.0
2025-06-18 11:25:05.727756,332.8,711529.0,1133334.0
2025-06-18 11:25:06.226572,332.75,711529.0,1133334.0
2025-06-18 11:25:06.631730,332.75,710119.0,1133874.0
2025-06-18 11:25:07.228530,332.8,710119.0,1133874.0
2025-06-18 11:25:07.527654,332.8,709085.0,1133845.0
2025-06-18 11:25:08.228131,332.8,709085.0,1133845.0
2025-06-18 11:25:09.127969,332.8,708883.0,1133813.0
2025-06-18 11:25:09.226844,332.75,708883.0,1133813.0
2025-06-18 11:25:10.227342,332.75,708883.0,1133813.0
2025-06-18 11:25:10.430559,332.75,709805.0,1135870.0
2025-06-18 11:25:11.264546,332.65,709805.0,1135870.0
2025-06-18 11:25:11.332066,332.65,710054.0,1135780.0
2025-06-18 11:25:12.229094,332.75,710054.0,1135780.0
2025-06-18 11:25:13.133184,332.75,710579.0,1136343.0
2025-06-18 11:25:13.255950,332.75,710579.0,1136343.0
2025-06-18 11:25:14.032507,332.75,710234.0,1136807.0
2025-06-18 11:25:14.236213,332.75,710234.0,1136807.0
2025-06-18 11:25:15.033865,332.75,707607.0,1135789.0
2025-06-18 11:25:15.228858,332.8,707607.0,1135789.0
2025-06-18 11:25:15.932475,332.8,707643.0,1135473.0
2025-06-18 11:25:16.228602,332.8,707643.0,1135473.0
2025-06-18 11:25:16.833410,332.75,707301.0,1135496.0
2025-06-18 11:25:17.227263,332.8,707301.0,1135496.0
2025-06-18 11:25:17.736313,332.8,707337.0,1135411.0
2025-06-18 11:25:18.229880,332.8,707337.0,1135411.0
2025-06-18 11:25:18.642216,332.8,707754.0,1135552.0
2025-06-18 11:25:19.229894,332.75,707754.0,1135552.0
2025-06-18 11:25:19.534751,332.8,708802.0,1135437.0
2025-06-18 11:25:20.230847,332.8,708802.0,1135437.0
2025-06-18 11:25:20.833651,332.8,708145.0,1135402.0
2025-06-18 11:25:21.229896,332.8,708145.0,1135402.0
2025-06-18 11:25:21.536651,332.8,708066.0,1135399.0
2025-06-18 11:25:22.230937,332.8,708066.0,1135399.0
2025-06-18 11:25:22.718562,332.75,708065.0,1135592.0
2025-06-18 11:25:23.365424,332.8,708065.0,1135592.0
2025-06-18 11:25:23.718858,332.8,707393.0,1136058.0
2025-06-18 11:25:24.240744,332.8,707393.0,1136058.0
2025-06-18 11:25:24.644423,332.8,706993.0,1136415.0
2025-06-18 11:25:25.227957,332.8,706993.0,1136415.0
2025-06-18 11:25:25.640991,332.8,706760.0,1135816.0
2025-06-18 11:25:26.231191,332.75,706760.0,1135816.0
2025-06-18 11:25:26.644210,332.8,707245.0,1135813.0
2025-06-18 11:25:27.229168,332.8,707245.0,1135813.0
2025-06-18 11:25:27.803425,332.8,707990.0,1135787.0
2025-06-18 11:25:28.233259,332.8,707990.0,1135787.0
2025-06-18 11:25:28.645055,332.8,708005.0,1135851.0
2025-06-18 11:25:29.232379,332.8,708005.0,1135851.0
2025-06-18 11:25:29.599435,332.8,706995.0,1135929.0
2025-06-18 11:25:30.270900,332.8,706995.0,1135929.0
2025-06-18 11:25:30.538733,332.8,708669.0,1136135.0
2025-06-18 11:25:31.232670,332.8,708669.0,1136135.0
2025-06-18 11:25:31.652574,332.8,708148.0,1135640.0
2025-06-18 11:25:32.235436,332.8,708148.0,1135640.0
2025-06-18 11:25:32.647349,332.8,708243.0,1135609.0
2025-06-18 11:25:33.228758,332.8,708243.0,1135609.0
2025-06-18 11:25:33.647490,332.8,708006.0,1135832.0
2025-06-18 11:25:34.231524,332.8,708006.0,1135832.0
2025-06-18 11:25:34.544068,332.65,707225.0,1135107.0
2025-06-18 11:25:35.240516,332.65,707225.0,1135107.0
2025-06-18 11:25:35.544101,332.65,707237.0,1135181.0
2025-06-18 11:25:36.233181,332.65,707237.0,1135181.0
2025-06-18 11:25:36.648713,332.8,709632.0,1136474.0
2025-06-18 11:25:37.229814,332.8,709632.0,1136474.0
2025-06-18 11:25:37.651841,332.8,709688.0,1136390.0
2025-06-18 11:25:39.899737,332.8,709688.0,1136390.0
2025-06-18 11:25:39.903631,332.8,709687.0,1136389.0
2025-06-18 11:25:39.908338,332.8,709687.0,1136389.0
2025-06-18 11:25:39.941845,332.8,709961.0,1136460.0
2025-06-18 11:25:40.228279,332.8,709961.0,1136460.0
2025-06-18 11:25:40.650794,332.8,712014.0,1136340.0
2025-06-18 11:25:41.225374,332.8,712014.0,1136340.0
2025-06-18 11:25:41.652553,332.8,711859.0,1136351.0
2025-06-18 11:25:42.229440,332.8,711859.0,1136351.0
2025-06-18 11:25:42.745940,332.8,711313.0,1136039.0
2025-06-18 11:25:43.229922,332.75,711313.0,1136039.0
2025-06-18 11:25:43.845721,332.65,709486.0,1136172.0
2025-06-18 11:25:44.229770,332.65,709486.0,1136172.0
2025-06-18 11:25:44.947054,332.8,711933.0,1135946.0
2025-06-18 11:25:45.231071,332.8,711933.0,1135946.0
2025-06-18 11:25:46.047721,332.65,711379.0,1136012.0
2025-06-18 11:25:46.241948,332.65,711379.0,1136012.0
2025-06-18 11:25:47.156954,332.8,711932.0,1136913.0
2025-06-18 11:25:47.232715,332.8,711932.0,1136913.0
2025-06-18 11:25:48.238244,332.8,711932.0,1136913.0
2025-06-18 11:25:48.259678,332.8,712209.0,1135806.0
2025-06-18 11:25:49.226238,332.8,712209.0,1135806.0
2025-06-18 11:25:49.346874,332.8,712196.0,1136819.0
2025-06-18 11:25:50.227822,332.8,712196.0,1136819.0
2025-06-18 11:25:50.373775,332.65,712180.0,1136687.0
2025-06-18 11:25:51.233974,332.65,712180.0,1136687.0
2025-06-18 11:25:51.449802,332.65,712127.0,1136754.0
2025-06-18 11:25:52.240308,332.8,712127.0,1136754.0
2025-06-18 11:25:52.449076,332.8,712124.0,1136665.0
2025-06-18 11:25:53.230912,332.8,712124.0,1136665.0
2025-06-18 11:25:53.449729,332.8,711950.0,1136921.0
2025-06-18 11:25:54.230281,332.8,711950.0,1136921.0
2025-06-18 11:25:54.550048,332.8,712025.0,1135615.0
2025-06-18 11:25:55.234523,332.8,712025.0,1135615.0
2025-06-18 11:25:55.549369,332.8,711752.0,1136604.0
2025-06-18 11:25:56.225983,332.65,711752.0,1136604.0
2025-06-18 11:25:56.748449,332.8,711760.0,1136533.0
2025-06-18 11:25:57.244010,332.8,711760.0,1136533.0
2025-06-18 11:25:57.661298,332.8,711673.0,1136621.0
2025-06-18 11:25:58.232704,332.8,711673.0,1136621.0
2025-06-18 11:25:58.663842,332.65,711577.0,1136690.0
2025-06-18 11:25:59.226674,332.65,711577.0,1136690.0
2025-06-18 11:25:59.753392,332.8,711841.0,1136802.0
2025-06-18 11:26:00.232576,332.8,711841.0,1136802.0
2025-06-18 11:26:00.753247,332.8,711767.0,1136528.0
2025-06-18 11:26:01.247892,332.8,711767.0,1136528.0
2025-06-18 11:26:02.757734,332.8,711605.0,1136980.0
2025-06-18 11:26:03.259449,332.8,711605.0,1136980.0
2025-06-18 11:26:05.257492,332.8,711605.0,1136980.0
2025-06-18 11:26:07.239016,332.8,711605.0,1136980.0
2025-06-18 11:26:07.856183,332.8,710528.0,1135272.0
2025-06-18 11:26:09.256958,332.7,710528.0,1135272.0
2025-06-18 11:26:11.435464,332.7,710528.0,1135272.0
2025-06-18 11:26:12.676394,332.75,709954.0,1137825.0
2025-06-18 11:26:13.243486,332.75,709954.0,1137825.0
2025-06-18 11:26:15.253412,332.75,709954.0,1137825.0
2025-06-18 11:26:17.233158,332.8,709954.0,1137825.0
2025-06-18 11:26:17.571077,332.8,710331.0,1136131.0
2025-06-18 11:26:19.251633,332.8,710331.0,1136131.0
2025-06-18 11:26:21.294485,332.8,710331.0,1136131.0
2025-06-18 11:26:22.467905,332.8,710867.0,1136211.0
2025-06-18 11:26:23.272233,332.8,710867.0,1136211.0
2025-06-18 11:26:25.278108,332.8,710867.0,1136211.0
2025-06-18 11:26:27.255071,332.8,710867.0,1136211.0
2025-06-18 11:26:27.369661,332.8,711628.0,1135074.0
2025-06-18 11:26:29.262655,332.8,711628.0,1135074.0
2025-06-18 11:26:31.238978,332.8,711628.0,1135074.0
2025-06-18 11:26:32.371809,332.8,711438.0,1136421.0
2025-06-18 11:26:33.270138,332.65,711438.0,1136421.0
2025-06-18 11:26:35.265689,332.8,711438.0,1136421.0
2025-06-18 11:26:37.079851,332.7,711408.0,1135219.0
2025-06-18 11:26:37.257162,332.7,711408.0,1135219.0
2025-06-18 11:26:39.275505,332.7,711408.0,1135219.0
2025-06-18 11:26:41.246863,332.8,711408.0,1135219.0
2025-06-18 11:26:42.279744,332.8,712443.0,1133856.0
2025-06-18 11:26:43.263758,332.8,712443.0,1133856.0
2025-06-18 11:26:45.234488,332.8,712443.0,1133856.0
2025-06-18 11:26:47.243273,332.8,712443.0,1133856.0
2025-06-18 11:26:47.481700,332.8,712291.0,1136771.0
2025-06-18 11:26:49.242443,332.8,712291.0,1136771.0
2025-06-18 11:26:51.238406,332.8,712291.0,1136771.0
2025-06-18 11:26:52.384923,332.8,710484.0,1136514.0
2025-06-18 11:26:53.245947,332.8,710484.0,1136514.0
2025-06-18 11:26:55.244240,332.8,710484.0,1136514.0
2025-06-18 11:26:57.237842,332.5,710484.0,1136514.0
2025-06-18 11:26:57.390422,332.5,715608.0,1151417.0
2025-06-18 11:26:59.250738,332.55,715608.0,1151417.0
2025-06-18 11:27:01.234886,332.55,715608.0,1151417.0
2025-06-18 11:27:01.720829,332.55,728286.0,1142886.0
2025-06-18 11:27:02.234799,332.65,728286.0,1142886.0
2025-06-18 11:27:02.596753,332.65,730640.0,1142185.0
2025-06-18 11:27:03.235808,332.5,730640.0,1142185.0
2025-06-18 11:27:03.725301,332.5,727352.0,1143401.0
2025-06-18 11:27:04.253303,332.65,727352.0,1143401.0
2025-06-18 11:27:04.798209,332.65,725998.0,1143737.0
2025-06-18 11:27:05.238420,332.65,725998.0,1143737.0
2025-06-18 11:27:05.797116,332.65,726466.0,1142877.0
2025-06-18 11:27:06.263221,332.6,726466.0,1142877.0
2025-06-18 11:27:06.796512,332.6,722875.0,1145185.0
2025-06-18 11:27:07.244024,332.6,722875.0,1145185.0
2025-06-18 11:27:07.796478,332.6,723073.0,1144843.0
2025-06-18 11:27:08.244980,332.6,723073.0,1144843.0
2025-06-18 11:27:08.899584,332.65,726493.0,1143947.0
2025-06-18 11:27:09.239535,332.6,726493.0,1143947.0
2025-06-18 11:27:09.904315,332.6,731646.0,1142414.0
2025-06-18 11:27:10.241686,332.6,731646.0,1142414.0
2025-06-18 11:27:11.001015,332.65,729796.0,1143190.0
