timestamp,ltp,bid_qty,ask_qty
2025-06-18 11:01:36.689016,252.1,925619.0,2713032.0
2025-06-18 11:01:38.135472,252.1,925619.0,2713032.0
2025-06-18 11:01:40.136270,252.11,925619.0,2713032.0
2025-06-18 11:01:40.646606,252.12,923212.0,2713405.0
2025-06-18 11:01:42.138361,252.12,923212.0,2713405.0
2025-06-18 11:01:44.187938,252.12,923212.0,2713405.0
2025-06-18 11:01:45.546367,252.13,932316.0,2711405.0
2025-06-18 11:01:46.159209,252.12,932316.0,2711405.0
2025-06-18 11:01:48.138828,252.12,932316.0,2711405.0
2025-06-18 11:01:50.136987,252.18,932316.0,2711405.0
2025-06-18 11:01:51.250903,252.13,942372.0,2712987.0
2025-06-18 11:01:52.139118,252.12,942372.0,2712987.0
2025-06-18 11:01:54.205244,252.13,942372.0,2712987.0
2025-06-18 11:01:56.206229,252.13,942372.0,2712987.0
2025-06-18 11:01:56.660545,252.13,946827.0,2710206.0
2025-06-18 11:01:58.137631,252.15,946827.0,2710206.0
2025-06-18 11:02:00.141492,252.12,946827.0,2710206.0
2025-06-18 11:02:01.856066,252.13,942383.0,2709103.0
2025-06-18 11:02:02.141312,252.13,942383.0,2709103.0
2025-06-18 11:02:05.165902,252.14,942383.0,2709103.0
2025-06-18 11:02:06.144663,252.15,942383.0,2709103.0
2025-06-18 11:02:07.173181,252.16,946426.0,2705420.0
2025-06-18 11:02:08.143410,252.23,946426.0,2705420.0
2025-06-18 11:02:10.155842,252.17,946426.0,2705420.0
2025-06-18 11:02:12.145472,252.23,946426.0,2705420.0
2025-06-18 11:02:12.509458,252.23,943502.0,2705631.0
2025-06-18 11:02:14.147185,252.23,943502.0,2705631.0
2025-06-18 11:02:16.189713,252.24,943502.0,2705631.0
2025-06-18 11:02:17.869320,252.23,941949.0,2707871.0
2025-06-18 11:02:18.141878,252.23,941949.0,2707871.0
2025-06-18 11:02:20.141617,252.23,941949.0,2707871.0
2025-06-18 11:02:22.149796,252.23,941949.0,2707871.0
2025-06-18 11:02:23.074169,252.23,929802.0,2704001.0
2025-06-18 11:02:24.168837,252.23,929802.0,2704001.0
2025-06-18 11:02:26.152086,252.23,929802.0,2704001.0
2025-06-18 11:02:28.076448,252.2,930150.0,2703738.0
2025-06-18 11:02:28.144317,252.2,930150.0,2703738.0
2025-06-18 11:02:30.159140,252.2,930150.0,2703738.0
2025-06-18 11:02:32.154113,252.2,930150.0,2703738.0
2025-06-18 11:02:33.277305,252.23,931973.0,2708540.0
2025-06-18 11:02:34.146910,252.23,931973.0,2708540.0
2025-06-18 11:02:36.150498,252.19,931973.0,2708540.0
2025-06-18 11:02:38.148208,252.12,931973.0,2708540.0
2025-06-18 11:02:38.781364,252.12,927069.0,2717286.0
2025-06-18 11:02:40.145628,252.12,927069.0,2717286.0
2025-06-18 11:02:42.146977,252.13,927069.0,2717286.0
2025-06-18 11:02:43.996897,252.12,924251.0,2717655.0
2025-06-18 11:02:44.154487,252.12,924251.0,2717655.0
2025-06-18 11:02:46.151213,252.13,924251.0,2717655.0
2025-06-18 11:02:48.147852,252.12,924251.0,2717655.0
2025-06-18 11:02:49.187100,252.12,924821.0,2716047.0
2025-06-18 11:02:50.148499,252.12,924821.0,2716047.0
2025-06-18 11:02:52.149993,252.16,924821.0,2716047.0
2025-06-18 11:02:54.151972,252.15,924821.0,2716047.0
2025-06-18 11:02:54.590191,252.15,924326.0,2713801.0
2025-06-18 11:02:56.150039,252.15,924326.0,2713801.0
2025-06-18 11:02:58.151296,252.11,924326.0,2713801.0
2025-06-18 11:02:59.800708,252.12,919713.0,2717676.0
2025-06-18 11:03:00.152132,252.12,919713.0,2717676.0
2025-06-18 11:03:02.142484,252.11,919713.0,2717676.0
2025-06-18 11:03:04.153081,252.12,919713.0,2717676.0
2025-06-18 11:03:04.997768,252.12,921468.0,2718423.0
2025-06-18 11:03:06.145662,252.13,921468.0,2718423.0
2025-06-18 11:03:08.156497,252.2,921468.0,2718423.0
2025-06-18 11:03:10.145516,252.14,921468.0,2718423.0
2025-06-18 11:03:10.305569,252.13,923546.0,2713771.0
2025-06-18 11:03:12.148793,252.12,923546.0,2713771.0
2025-06-18 11:03:14.154815,252.11,923546.0,2713771.0
2025-06-18 11:03:15.507953,252.13,926412.0,2714550.0
2025-06-18 11:03:16.158532,252.13,926412.0,2714550.0
2025-06-18 11:03:18.150936,252.14,926412.0,2714550.0
2025-06-18 11:03:20.154666,252.14,926412.0,2714550.0
2025-06-18 11:03:20.706343,252.14,940115.0,2733433.0
2025-06-18 11:03:22.174176,252.14,940115.0,2733433.0
2025-06-18 11:03:26.020842,252.14,939573.0,2731769.0
2025-06-18 11:03:26.153010,252.13,939573.0,2731769.0
2025-06-18 11:03:28.154318,252.14,939573.0,2731769.0
2025-06-18 11:03:30.149156,252.14,939573.0,2731769.0
2025-06-18 11:03:31.218726,252.14,938816.0,2726252.0
2025-06-18 11:03:32.155027,252.13,938816.0,2726252.0
2025-06-18 11:03:34.156478,252.19,938816.0,2726252.0
2025-06-18 11:03:36.223525,252.13,938816.0,2726252.0
2025-06-18 11:03:36.918544,252.13,940249.0,2726756.0
2025-06-18 11:03:38.159377,252.14,940249.0,2726756.0
2025-06-18 11:03:40.148958,252.2,940249.0,2726756.0
2025-06-18 11:03:42.119357,252.14,939195.0,2727440.0
2025-06-18 11:03:42.160733,252.14,939195.0,2727440.0
2025-06-18 11:03:44.157115,252.17,939195.0,2727440.0
2025-06-18 11:03:46.028556,252.17,939195.0,2727440.0
2025-06-18 11:03:46.171385,252.15,939195.0,2727440.0
2025-06-18 11:03:47.023613,252.06,930587.0,2713530.0
2025-06-18 11:03:47.079168,252.06,930587.0,2713530.0
2025-06-18 11:03:48.167924,252.14,930587.0,2713530.0
2025-06-18 11:03:48.901777,252.14,930587.0,2713530.0
2025-06-18 11:03:49.748170,252.14,930587.0,2713530.0
2025-06-18 11:03:50.156895,252.15,930587.0,2713530.0
2025-06-18 11:03:50.557056,252.15,930587.0,2713530.0
2025-06-18 11:03:51.591057,252.15,930587.0,2713530.0
2025-06-18 11:03:51.823915,252.14,931917.0,2713880.0
2025-06-18 11:03:52.195237,252.14,931917.0,2713880.0
2025-06-18 11:03:52.201388,252.14,931917.0,2713880.0
2025-06-18 11:03:53.077141,252.14,931917.0,2713880.0
2025-06-18 11:03:54.187018,252.16,931917.0,2713880.0
2025-06-18 11:03:54.457361,252.16,931917.0,2713880.0
2025-06-18 11:03:55.733414,252.16,931917.0,2713880.0
2025-06-18 11:03:56.170595,252.17,931917.0,2713880.0
2025-06-18 11:03:56.586959,252.17,931917.0,2713880.0
2025-06-18 11:03:56.727643,252.14,932542.0,2712240.0
2025-06-18 11:04:00.465071,252.2,932542.0,2712240.0
2025-06-18 11:04:00.504103,252.2,932542.0,2712240.0
2025-06-18 11:04:00.545764,252.2,932542.0,2712240.0
2025-06-18 11:04:00.549229,252.18,932542.0,2712240.0
2025-06-18 11:04:00.580500,252.18,932542.0,2712240.0
2025-06-18 11:04:01.927865,252.18,932542.0,2712240.0
2025-06-18 11:04:01.936346,252.18,937118.0,2710189.0
2025-06-18 11:04:02.180071,252.18,937118.0,2710189.0
2025-06-18 11:04:04.167895,252.16,937118.0,2710189.0
2025-06-18 11:04:06.166632,252.16,937118.0,2710189.0
2025-06-18 11:04:07.134763,252.15,935749.0,2710913.0
2025-06-18 11:04:08.179023,252.14,935749.0,2710913.0
2025-06-18 11:04:10.239537,252.15,935749.0,2710913.0
2025-06-18 11:04:12.167236,252.15,935749.0,2710913.0
2025-06-18 11:04:12.238247,252.15,934223.0,2715045.0
2025-06-18 11:04:14.161685,252.15,934223.0,2715045.0
2025-06-18 11:04:16.162572,252.16,934223.0,2715045.0
2025-06-18 11:04:17.343628,252.16,935259.0,2712497.0
2025-06-18 11:04:18.160896,252.16,935259.0,2712497.0
2025-06-18 11:04:20.155067,252.16,935259.0,2712497.0
2025-06-18 11:04:22.166661,252.15,935259.0,2712497.0
2025-06-18 11:04:22.660047,252.15,938755.0,2717594.0
2025-06-18 11:04:24.163712,252.15,938755.0,2717594.0
2025-06-18 11:04:26.155990,252.15,938755.0,2717594.0
2025-06-18 11:04:27.859527,252.15,937956.0,2720421.0
2025-06-18 11:04:28.157643,252.15,937956.0,2720421.0
2025-06-18 11:04:30.156073,252.16,937956.0,2720421.0
2025-06-18 11:04:33.033520,252.17,938385.0,2718961.0
2025-06-18 11:04:34.201219,252.16,938385.0,2718961.0
2025-06-18 11:04:36.162734,252.16,938385.0,2718961.0
2025-06-18 11:04:37.767692,252.18,937618.0,2715074.0
2025-06-18 11:04:38.154391,252.18,937618.0,2715074.0
2025-06-18 11:04:40.158866,252.18,937618.0,2715074.0
2025-06-18 11:04:42.163021,252.15,937618.0,2715074.0
2025-06-18 11:04:42.667414,252.15,939143.0,2717349.0
2025-06-18 11:04:44.164578,252.17,939143.0,2717349.0
2025-06-18 11:04:46.163145,252.15,939143.0,2717349.0
2025-06-18 11:04:47.782796,252.17,938943.0,2711907.0
2025-06-18 11:04:48.166733,252.15,938943.0,2711907.0
2025-06-18 11:04:50.169151,252.23,938943.0,2711907.0
2025-06-18 11:04:52.191678,252.16,938943.0,2711907.0
2025-06-18 11:04:52.573751,252.16,938475.0,2717165.0
2025-06-18 11:04:54.192250,252.23,938475.0,2717165.0
2025-06-18 11:04:56.151951,252.15,938475.0,2717165.0
2025-06-18 11:04:57.376281,252.16,937882.0,2719241.0
2025-06-18 11:04:58.176403,252.16,937882.0,2719241.0
2025-06-18 11:05:00.162361,252.15,937882.0,2719241.0
2025-06-18 11:05:01.990451,252.17,939584.0,2718572.0
2025-06-18 11:05:02.167370,252.17,939584.0,2718572.0
2025-06-18 11:05:05.175620,252.2,939584.0,2718572.0
2025-06-18 11:05:06.164165,252.17,939584.0,2718572.0
2025-06-18 11:05:06.778195,252.17,939531.0,2717671.0
2025-06-18 11:05:08.164586,252.17,939531.0,2717671.0
2025-06-18 11:05:10.159461,252.2,939531.0,2717671.0
2025-06-18 11:05:11.880076,252.17,939189.0,2715107.0
2025-06-18 11:05:12.203908,252.17,939189.0,2715107.0
2025-06-18 11:05:14.168959,252.15,939189.0,2715107.0
2025-06-18 11:05:16.689877,252.2,939189.0,2715107.0
2025-06-18 11:05:17.387808,252.15,937632.0,2718104.0
2025-06-18 11:05:18.193936,252.15,937632.0,2718104.0
2025-06-18 11:05:20.177167,252.16,937632.0,2718104.0
2025-06-18 11:05:22.172496,252.17,937632.0,2718104.0
2025-06-18 11:05:22.690531,252.2,938674.0,2717822.0
2025-06-18 11:05:24.208263,252.2,938674.0,2717822.0
2025-06-18 11:05:26.168298,252.17,938674.0,2717822.0
2025-06-18 11:05:27.391898,252.17,940004.0,2715066.0
2025-06-18 11:05:28.199858,252.21,940004.0,2715066.0
2025-06-18 11:05:30.158751,252.16,940004.0,2715066.0
2025-06-18 11:05:32.195903,252.18,940004.0,2715066.0
2025-06-18 11:05:32.299068,252.18,935887.0,2716989.0
2025-06-18 11:05:35.171847,252.14,935887.0,2716989.0
2025-06-18 11:05:36.190464,252.14,935887.0,2716989.0
2025-06-18 11:05:37.897262,252.1,930493.0,2725738.0
2025-06-18 11:05:38.159970,252.1,930493.0,2725738.0
2025-06-18 11:05:40.193305,252.11,930493.0,2725738.0
2025-06-18 11:05:42.159552,252.11,930493.0,2725738.0
2025-06-18 11:05:43.100070,252.11,928384.0,2732325.0
2025-06-18 11:05:44.166707,252.12,928384.0,2732325.0
2025-06-18 11:05:46.169253,252.08,928384.0,2732325.0
2025-06-18 11:05:48.009300,252.06,917173.0,2745210.0
2025-06-18 11:05:48.209174,252.06,917173.0,2745210.0
2025-06-18 11:05:50.167421,252.06,917173.0,2745210.0
2025-06-18 11:05:52.182386,252.03,917173.0,2745210.0
2025-06-18 11:05:53.110133,252.06,921364.0,2741620.0
2025-06-18 11:05:54.385607,251.95,921364.0,2741620.0
2025-06-18 11:05:56.218669,251.97,921364.0,2741620.0
2025-06-18 11:05:58.177403,251.93,921364.0,2741620.0
2025-06-18 11:05:58.214739,251.9,901745.0,2751639.0
2025-06-18 11:06:00.157628,251.93,901745.0,2751639.0
2025-06-18 11:06:02.169735,251.91,901745.0,2751639.0
2025-06-18 11:06:02.913468,251.91,896132.0,2755940.0
2025-06-18 11:06:04.177631,251.91,896132.0,2755940.0
2025-06-18 11:06:06.162757,251.88,896132.0,2755940.0
2025-06-18 11:06:07.818124,251.89,896025.0,2750415.0
2025-06-18 11:06:08.173135,251.89,896025.0,2750415.0
2025-06-18 11:06:10.198800,251.89,896025.0,2750415.0
2025-06-18 11:06:12.173863,251.89,896025.0,2750415.0
2025-06-18 11:06:12.720515,251.89,899733.0,2745972.0
2025-06-18 11:06:14.167742,251.89,899733.0,2745972.0
2025-06-18 11:06:16.164985,251.9,899733.0,2745972.0
2025-06-18 11:06:17.924850,251.88,897451.0,2746247.0
2025-06-18 11:06:18.169070,251.88,897451.0,2746247.0
2025-06-18 11:06:20.157697,251.88,897451.0,2746247.0
2025-06-18 11:06:22.165370,251.88,897451.0,2746247.0
2025-06-18 11:06:22.726997,251.88,896715.0,2747152.0
2025-06-18 11:06:24.170612,251.88,896715.0,2747152.0
2025-06-18 11:06:26.216651,251.81,896715.0,2747152.0
2025-06-18 11:06:27.727601,251.82,890531.0,2746996.0
2025-06-18 11:06:28.167526,251.81,890531.0,2746996.0
2025-06-18 11:06:30.165665,251.82,890531.0,2746996.0
2025-06-18 11:06:32.172025,251.82,890531.0,2746996.0
2025-06-18 11:06:32.332470,251.82,892412.0,2746572.0
2025-06-18 11:06:34.231146,251.82,892412.0,2746572.0
2025-06-18 11:06:36.240196,251.82,892412.0,2746572.0
2025-06-18 11:06:37.140538,251.83,901815.0,2744254.0
2025-06-18 11:06:38.164198,251.81,901815.0,2744254.0
2025-06-18 11:06:40.237946,251.85,901815.0,2744254.0
2025-06-18 11:06:42.162806,251.81,901815.0,2744254.0
2025-06-18 11:06:42.240341,251.81,900312.0,2741817.0
2025-06-18 11:06:44.176189,251.8,900312.0,2741817.0
2025-06-18 11:06:46.168250,251.81,900312.0,2741817.0
2025-06-18 11:06:46.758454,251.81,900312.0,2741817.0
2025-06-18 11:06:47.148347,251.8,904367.0,2742903.0
2025-06-18 11:06:47.625698,251.8,904367.0,2742903.0
2025-06-18 11:06:48.190432,251.8,904367.0,2742903.0
2025-06-18 11:06:48.559513,251.8,904367.0,2742903.0
2025-06-18 11:06:49.801688,251.8,904367.0,2742903.0
2025-06-18 11:06:50.171117,251.81,904367.0,2742903.0
2025-06-18 11:06:50.289217,251.81,904367.0,2742903.0
2025-06-18 11:06:51.059604,251.81,904367.0,2742903.0
2025-06-18 11:06:52.042226,251.81,904367.0,2742903.0
2025-06-18 11:06:52.180333,251.81,904367.0,2742903.0
2025-06-18 11:06:52.242860,251.81,919935.0,2741642.0
2025-06-18 11:06:52.604771,251.81,919935.0,2741642.0
2025-06-18 11:06:53.518586,251.81,919935.0,2741642.0
2025-06-18 11:06:54.213397,251.81,919935.0,2741642.0
2025-06-18 11:06:54.755677,251.81,919935.0,2741642.0
2025-06-18 11:06:56.204378,251.85,919935.0,2741642.0
2025-06-18 11:06:56.268464,251.85,919935.0,2741642.0
2025-06-18 11:06:57.049210,251.81,921399.0,2740365.0
2025-06-18 11:06:57.110646,251.81,921399.0,2740365.0
2025-06-18 11:06:58.339633,251.82,921399.0,2740365.0
2025-06-18 11:06:58.538689,251.82,921399.0,2740365.0
2025-06-18 11:06:59.671809,251.82,921399.0,2740365.0
2025-06-18 11:07:00.158835,251.84,921399.0,2740365.0
2025-06-18 11:07:00.834044,251.84,921399.0,2740365.0
2025-06-18 11:07:01.850317,251.88,921861.0,2738176.0
2025-06-18 11:07:02.165054,251.88,921861.0,2738176.0
2025-06-18 11:07:02.290177,251.88,921861.0,2738176.0
2025-06-18 11:07:05.087832,251.85,921861.0,2738176.0
2025-06-18 11:07:06.167063,251.83,921861.0,2738176.0
2025-06-18 11:07:06.755490,251.81,916014.0,2750286.0
2025-06-18 11:07:10.533798,251.81,916014.0,2750286.0
2025-06-18 11:07:12.171576,251.83,916014.0,2750286.0
2025-06-18 11:07:12.457713,251.82,918925.0,2746508.0
2025-06-18 11:07:14.168012,251.81,918925.0,2746508.0
2025-06-18 11:07:17.177850,251.81,918925.0,2746508.0
2025-06-18 11:07:17.965634,251.81,919732.0,2748019.0
2025-06-18 11:07:20.169374,251.82,919732.0,2748019.0
2025-06-18 11:07:23.174678,251.81,913605.0,2738683.0
2025-06-18 11:07:24.167928,251.82,913605.0,2738683.0
2025-06-18 11:07:26.259103,251.82,913605.0,2738683.0
2025-06-18 11:07:28.061773,251.85,912797.0,2740444.0
2025-06-18 11:07:28.172977,251.85,912797.0,2740444.0
2025-06-18 11:07:30.200020,251.82,912797.0,2740444.0
2025-06-18 11:07:32.192586,251.85,912797.0,2740444.0
2025-06-18 11:07:32.968149,251.83,912605.0,2743397.0
2025-06-18 11:07:34.172936,251.85,912605.0,2743397.0
2025-06-18 11:07:36.168697,251.86,912605.0,2743397.0
2025-06-18 11:07:37.868334,251.86,913406.0,2743322.0
2025-06-18 11:07:38.170783,251.86,913406.0,2743322.0
2025-06-18 11:07:40.200849,251.86,913406.0,2743322.0
2025-06-18 11:07:42.175003,251.85,913406.0,2743322.0
2025-06-18 11:07:43.185544,251.85,912914.0,2739958.0
2025-06-18 11:07:44.795468,251.86,912914.0,2739958.0
2025-06-18 11:07:46.180037,251.85,912914.0,2739958.0
2025-06-18 11:07:48.172652,251.88,912914.0,2739958.0
2025-06-18 11:07:48.480957,251.88,913236.0,2738926.0
2025-06-18 11:07:50.180731,251.85,913236.0,2738926.0
2025-06-18 11:07:53.480576,251.85,914433.0,2740018.0
2025-06-18 11:07:54.170404,251.86,914433.0,2740018.0
2025-06-18 11:07:57.170452,251.82,914433.0,2740018.0
2025-06-18 11:07:58.482841,251.84,912770.0,2740656.0
2025-06-18 11:07:59.176014,251.84,912770.0,2740656.0
2025-06-18 11:08:01.248086,251.88,912770.0,2740656.0
2025-06-18 11:08:03.176834,251.88,912770.0,2740656.0
2025-06-18 11:08:03.484647,251.88,914029.0,2738245.0
2025-06-18 11:08:07.183361,251.85,914029.0,2738245.0
2025-06-18 11:08:09.215750,251.83,913243.0,2739517.0
2025-06-18 11:08:09.244045,251.85,913243.0,2739517.0
2025-06-18 11:08:15.124330,251.82,914311.0,2740622.0
2025-06-18 11:08:15.199978,251.85,914311.0,2740622.0
2025-06-18 11:08:20.483750,251.81,914311.0,2740622.0
2025-06-18 11:08:20.532639,251.81,914311.0,2740622.0
2025-06-18 11:08:20.534128,251.81,912368.0,2741468.0
2025-06-18 11:08:21.184162,251.83,912368.0,2741468.0
2025-06-18 11:08:23.187344,251.85,912368.0,2741468.0
2025-06-18 11:08:24.897266,251.88,919141.0,2734199.0
2025-06-18 11:08:26.175126,251.96,919141.0,2734199.0
2025-06-18 11:08:29.174443,251.82,919141.0,2734199.0
2025-06-18 11:08:30.602349,251.83,921677.0,2735143.0
2025-06-18 11:08:31.195539,251.83,921677.0,2735143.0
2025-06-18 11:08:33.180405,251.83,921677.0,2735143.0
2025-06-18 11:08:35.170300,251.88,921677.0,2735143.0
2025-06-18 11:08:36.012619,251.84,921235.0,2736726.0
2025-06-18 11:08:37.177428,251.81,921235.0,2736726.0
2025-06-18 11:08:39.172801,251.83,921235.0,2736726.0
2025-06-18 11:08:41.109611,251.83,919434.0,2739965.0
2025-06-18 11:08:41.181945,251.83,919434.0,2739965.0
2025-06-18 11:08:43.170505,251.85,919434.0,2739965.0
2025-06-18 11:08:45.187848,251.81,919434.0,2739965.0
2025-06-18 11:08:46.410485,251.81,919991.0,2740610.0
2025-06-18 11:08:49.178679,251.81,919991.0,2740610.0
2025-06-18 11:08:51.214380,251.81,919991.0,2740610.0
2025-06-18 11:08:51.612113,251.81,913925.0,2743048.0
2025-06-18 11:08:53.180783,251.82,913925.0,2743048.0
2025-06-18 11:08:55.170939,251.82,913925.0,2743048.0
2025-06-18 11:08:56.813633,251.85,921189.0,2738983.0
2025-06-18 11:08:57.175207,251.82,921189.0,2738983.0
2025-06-18 11:08:59.178488,251.86,921189.0,2738983.0
2025-06-18 11:09:01.182407,251.86,921189.0,2738983.0
2025-06-18 11:09:01.615297,251.86,918899.0,2739126.0
2025-06-18 11:09:03.195254,251.87,918899.0,2739126.0
2025-06-18 11:09:05.180450,251.88,918899.0,2739126.0
2025-06-18 11:09:06.719974,251.9,920675.0,2736190.0
2025-06-18 11:09:07.175826,251.87,920675.0,2736190.0
2025-06-18 11:09:09.173381,251.87,920675.0,2736190.0
2025-06-18 11:09:11.173285,251.87,920675.0,2736190.0
2025-06-18 11:09:12.030093,251.88,925423.0,2724679.0
2025-06-18 11:09:14.309548,251.95,925423.0,2724679.0
2025-06-18 11:09:17.174987,251.85,925423.0,2724679.0
2025-06-18 11:09:18.826337,251.85,923081.0,2726453.0
2025-06-18 11:09:19.166190,251.85,923081.0,2726453.0
2025-06-18 11:09:21.173908,251.95,923081.0,2726453.0
2025-06-18 11:09:23.175313,251.88,923081.0,2726453.0
2025-06-18 11:09:23.328641,251.88,930974.0,2725267.0
2025-06-18 11:09:25.179913,251.86,930974.0,2725267.0
2025-06-18 11:09:27.170128,251.95,930974.0,2725267.0
2025-06-18 11:09:28.633023,251.88,929043.0,2732805.0
2025-06-18 11:09:29.180002,251.88,929043.0,2732805.0
2025-06-18 11:09:31.171641,251.86,929043.0,2732805.0
2025-06-18 11:09:33.183527,251.95,929043.0,2732805.0
2025-06-18 11:09:34.035205,251.95,935276.0,2725461.0
2025-06-18 11:09:35.176503,251.91,935276.0,2725461.0
2025-06-18 11:09:37.181814,251.95,935276.0,2725461.0
2025-06-18 11:09:39.899305,251.92,935276.0,2725461.0
2025-06-18 11:09:39.901360,251.92,935413.0,2725890.0
2025-06-18 11:09:41.171209,251.92,935413.0,2725890.0
2025-06-18 11:09:43.180080,251.95,935413.0,2725890.0
2025-06-18 11:09:44.540317,251.92,936962.0,2725078.0
2025-06-18 11:09:45.181371,251.92,936962.0,2725078.0
2025-06-18 11:09:47.141402,251.92,936962.0,2725078.0
2025-06-18 11:09:47.225513,251.92,936962.0,2725078.0
2025-06-18 11:09:48.227749,251.92,936962.0,2725078.0
2025-06-18 11:09:49.105992,251.92,936962.0,2725078.0
2025-06-18 11:09:49.178613,251.95,936962.0,2725078.0
2025-06-18 11:09:49.647679,251.95,935255.0,2724747.0
2025-06-18 11:09:50.060992,251.95,935255.0,2724747.0
2025-06-18 11:09:51.171146,251.94,935255.0,2724747.0
2025-06-18 11:09:51.672827,251.94,935255.0,2724747.0
2025-06-18 11:09:52.635919,251.94,935255.0,2724747.0
2025-06-18 11:09:53.181092,251.94,935255.0,2724747.0
2025-06-18 11:09:53.227454,251.94,935255.0,2724747.0
2025-06-18 11:09:54.096448,251.94,935255.0,2724747.0
2025-06-18 11:09:55.183844,251.95,935255.0,2724747.0
2025-06-18 11:09:55.243595,251.95,940606.0,2722476.0
2025-06-18 11:09:55.342307,251.95,940606.0,2722476.0
2025-06-18 11:09:56.594343,251.95,940606.0,2722476.0
2025-06-18 11:09:57.182954,251.9,940606.0,2722476.0
2025-06-18 11:09:57.564691,251.9,940606.0,2722476.0
2025-06-18 11:09:58.981575,251.9,940606.0,2722476.0
2025-06-18 11:09:59.178788,251.9,940606.0,2722476.0
2025-06-18 11:10:00.125323,251.9,940606.0,2722476.0
2025-06-18 11:10:00.344941,251.92,937249.0,2720996.0
2025-06-18 11:10:01.177617,251.95,937249.0,2720996.0
2025-06-18 11:10:01.254118,251.95,937249.0,2720996.0
2025-06-18 11:10:02.720520,251.95,937249.0,2720996.0
2025-06-18 11:10:03.219759,251.93,937249.0,2720996.0
2025-06-18 11:10:05.171936,251.93,937249.0,2720996.0
2025-06-18 11:10:05.450166,251.93,940654.0,2720879.0
2025-06-18 11:10:07.180034,251.93,940654.0,2720879.0
2025-06-18 11:10:09.515782,251.93,940654.0,2720879.0
2025-06-18 11:10:10.653120,251.95,952445.0,2714494.0
2025-06-18 11:10:11.206990,251.95,952445.0,2714494.0
2025-06-18 11:10:13.184132,251.96,952445.0,2714494.0
2025-06-18 11:10:15.175841,251.95,952445.0,2714494.0
2025-06-18 11:10:16.159653,251.93,950435.0,2711289.0
2025-06-18 11:10:17.187992,251.96,950435.0,2711289.0
2025-06-18 11:10:19.178425,251.95,950435.0,2711289.0
2025-06-18 11:10:21.192269,251.95,950435.0,2711289.0
2025-06-18 11:10:21.255814,251.92,947707.0,2711676.0
2025-06-18 11:10:23.180295,251.93,947707.0,2711676.0
2025-06-18 11:10:25.185852,251.95,947707.0,2711676.0
2025-06-18 11:10:26.564872,251.96,949703.0,2719395.0
2025-06-18 11:10:29.177243,251.96,949703.0,2719395.0
2025-06-18 11:10:31.220004,252.19,949703.0,2719395.0
2025-06-18 11:10:32.168600,252.08,979945.0,2691420.0
2025-06-18 11:10:34.191497,252.15,979945.0,2691420.0
2025-06-18 11:10:37.181038,252.15,979945.0,2691420.0
2025-06-18 11:10:37.768101,252.11,978768.0,2694903.0
2025-06-18 11:10:39.177622,252.09,978768.0,2694903.0
2025-06-18 11:10:41.185845,252.08,978768.0,2694903.0
2025-06-18 11:10:43.179734,252.08,978768.0,2694903.0
2025-06-18 11:10:43.180370,252.08,982894.0,2695333.0
2025-06-18 11:10:45.178413,252.11,982894.0,2695333.0
2025-06-18 11:10:47.177186,252.07,982894.0,2695333.0
2025-06-18 11:10:48.272472,252.07,981407.0,2696455.0
2025-06-18 11:10:49.178106,252.09,981407.0,2696455.0
2025-06-18 11:10:51.178468,252.09,981407.0,2696455.0
2025-06-18 11:10:53.184502,252.13,981407.0,2696455.0
2025-06-18 11:10:53.475834,252.13,985427.0,2700142.0
2025-06-18 11:10:55.181134,252.09,985427.0,2700142.0
2025-06-18 11:10:57.173637,252.09,985427.0,2700142.0
2025-06-18 11:10:58.784483,252.09,977254.0,2703673.0
2025-06-18 11:10:59.175874,252.09,977254.0,2703673.0
2025-06-18 11:11:01.176578,252.07,977254.0,2703673.0
2025-06-18 11:11:01.886548,252.1,978061.0,2702458.0
2025-06-18 11:11:02.200935,252.1,978061.0,2702458.0
2025-06-18 11:11:02.986266,252.1,978182.0,2707389.0
2025-06-18 11:11:03.887754,252.1,977910.0,2707984.0
2025-06-18 11:11:04.792108,252.07,978563.0,2709085.0
2025-06-18 11:11:05.172619,252.07,978563.0,2709085.0
2025-06-18 11:11:05.889303,252.07,979228.0,2709232.0
2025-06-18 11:11:06.178799,252.07,979228.0,2709232.0
2025-06-18 11:11:06.890573,252.07,979822.0,2711620.0
2025-06-18 11:11:07.176043,252.08,979822.0,2711620.0
2025-06-18 11:11:07.895585,252.07,981995.0,2711797.0
2025-06-18 11:11:08.183711,252.07,981995.0,2711797.0
2025-06-18 11:11:09.001417,252.07,979772.0,2712231.0
2025-06-18 11:11:09.193019,252.07,979772.0,2712231.0
2025-06-18 11:11:10.003195,252.07,979219.0,2710857.0
2025-06-18 11:11:10.173708,252.07,979219.0,2710857.0
2025-06-18 11:11:11.106043,252.07,979212.0,2711083.0
2025-06-18 11:11:11.179607,252.07,979212.0,2711083.0
2025-06-18 11:11:12.178477,252.05,979212.0,2711083.0
2025-06-18 11:11:12.596323,252.0,970543.0,2721089.0
2025-06-18 11:11:13.182052,252.02,970543.0,2721089.0
2025-06-18 11:11:13.597193,252.02,971462.0,2721686.0
2025-06-18 11:11:14.186515,252.01,971462.0,2721686.0
2025-06-18 11:11:14.693594,252.0,966557.0,2721655.0
2025-06-18 11:11:15.172532,252.0,966557.0,2721655.0
2025-06-18 11:11:15.694167,252.0,966895.0,2721951.0
2025-06-18 11:11:16.172707,252.01,966895.0,2721951.0
2025-06-18 11:11:16.701736,252.01,967385.0,2719344.0
2025-06-18 11:11:17.189904,252.0,967385.0,2719344.0
2025-06-18 11:11:17.894833,252.0,966342.0,2720515.0
2025-06-18 11:11:18.184434,252.0,966342.0,2720515.0
2025-06-18 11:11:18.896002,252.0,966625.0,2720502.0
2025-06-18 11:11:19.180393,252.0,966625.0,2720502.0
2025-06-18 11:11:19.796589,252.0,965836.0,2721747.0
2025-06-18 11:11:20.176980,251.88,965836.0,2721747.0
2025-06-18 11:11:20.795694,251.88,941778.0,2744911.0
2025-06-18 11:11:21.896085,251.87,941659.0,2746675.0
2025-06-18 11:11:22.181726,251.85,941659.0,2746675.0
2025-06-18 11:11:22.897881,251.87,941945.0,2743543.0
2025-06-18 11:11:23.174363,251.87,941945.0,2743543.0
2025-06-18 11:11:23.900628,251.87,944447.0,2741536.0
2025-06-18 11:11:24.176229,251.87,944447.0,2741536.0
2025-06-18 11:11:24.898039,251.87,939606.0,2745001.0
2025-06-18 11:11:25.185790,251.87,939606.0,2745001.0
2025-06-18 11:11:25.800356,251.87,938192.0,2749025.0
2025-06-18 11:11:27.011237,251.88,942617.0,2747409.0
2025-06-18 11:11:27.181142,251.88,942617.0,2747409.0
2025-06-18 11:11:28.003281,251.86,942990.0,2747368.0
2025-06-18 11:11:28.189325,251.86,942990.0,2747368.0
2025-06-18 11:11:29.012244,251.87,943001.0,2742236.0
2025-06-18 11:11:29.193508,251.87,943001.0,2742236.0
2025-06-18 11:11:30.012307,251.86,940267.0,2742619.0
2025-06-18 11:11:30.175189,251.86,940267.0,2742619.0
2025-06-18 11:11:30.903237,251.86,939162.0,2742513.0
2025-06-18 11:11:31.180005,251.86,939162.0,2742513.0
2025-06-18 11:11:32.014994,251.86,939942.0,2743377.0
2025-06-18 11:11:32.181793,251.86,939942.0,2743377.0
2025-06-18 11:11:33.106319,251.87,940517.0,2743211.0
2025-06-18 11:11:33.176342,251.87,940517.0,2743211.0
2025-06-18 11:11:34.107603,251.88,939249.0,2740658.0
2025-06-18 11:11:34.178560,251.88,939249.0,2740658.0
2025-06-18 11:11:35.179960,251.87,939249.0,2740658.0
2025-06-18 11:11:35.207888,251.87,949980.0,2722214.0
2025-06-18 11:11:36.212341,251.87,951385.0,2720379.0
2025-06-18 11:11:37.192925,251.93,951385.0,2720379.0
2025-06-18 11:11:37.308540,251.93,950281.0,2721425.0
2025-06-18 11:11:38.308476,251.93,949591.0,2722232.0
2025-06-18 11:11:39.410207,251.89,947842.0,2722261.0
2025-06-18 11:11:40.175414,251.89,947842.0,2722261.0
2025-06-18 11:11:40.530599,251.89,948521.0,2724454.0
2025-06-18 11:11:41.519362,251.89,948677.0,2723679.0
2025-06-18 11:11:42.186857,251.9,948677.0,2723679.0
2025-06-18 11:11:42.519566,251.9,949897.0,2724861.0
2025-06-18 11:11:43.544120,251.9,950891.0,2724883.0
2025-06-18 11:11:44.192086,251.89,950891.0,2724883.0
2025-06-18 11:11:44.412428,251.89,950663.0,2724443.0
2025-06-18 11:11:45.186544,251.85,950663.0,2724443.0
2025-06-18 11:11:45.614030,251.85,950788.0,2731397.0
2025-06-18 11:11:46.177357,251.9,950788.0,2731397.0
2025-06-18 11:11:46.521006,251.9,955485.0,2727945.0
2025-06-18 11:11:47.212346,251.9,955485.0,2727945.0
2025-06-18 11:11:47.539007,251.9,953252.0,2727642.0
2025-06-18 11:11:48.193859,251.94,953252.0,2727642.0
2025-06-18 11:11:48.413683,251.94,958177.0,2733591.0
2025-06-18 11:11:49.192679,251.91,958177.0,2733591.0
2025-06-18 11:11:49.415050,251.94,958368.0,2734747.0
2025-06-18 11:11:50.185379,251.94,958368.0,2734747.0
2025-06-18 11:11:50.539863,251.91,961885.0,2729428.0
2025-06-18 11:11:51.205142,251.94,961885.0,2729428.0
2025-06-18 11:11:51.418854,251.96,977152.0,2725385.0
2025-06-18 11:11:52.187303,252.0,977152.0,2725385.0
2025-06-18 11:11:52.528580,252.0,973007.0,2735010.0
2025-06-18 11:11:53.196940,252.0,973007.0,2735010.0
2025-06-18 11:11:53.618791,252.0,971688.0,2736112.0
2025-06-18 11:11:54.719823,251.96,972644.0,2736335.0
2025-06-18 11:11:55.195413,251.96,972644.0,2736335.0
2025-06-18 11:11:55.821665,252.0,975989.0,2731039.0
2025-06-18 11:11:56.186306,252.0,975989.0,2731039.0
2025-06-18 11:11:56.722965,252.03,974797.0,2733542.0
2025-06-18 11:11:57.187467,252.0,974797.0,2733542.0
2025-06-18 11:11:57.826174,251.98,972111.0,2739052.0
2025-06-18 11:11:58.406818,251.98,972111.0,2739052.0
2025-06-18 11:11:59.034134,251.94,969508.0,2739608.0
2025-06-18 11:11:59.180290,251.94,969508.0,2739608.0
2025-06-18 11:12:00.033296,252.0,972083.0,2730978.0
2025-06-18 11:12:00.177657,252.0,972083.0,2730978.0
2025-06-18 11:12:01.176191,252.07,972083.0,2730978.0
2025-06-18 11:12:02.326842,252.1,973549.0,2728084.0
2025-06-18 11:12:02.332562,252.1,973549.0,2728084.0
2025-06-18 11:12:02.927774,252.04,970334.0,2727727.0
2025-06-18 11:12:03.187528,252.04,970334.0,2727727.0
2025-06-18 11:12:04.028946,252.0,970414.0,2730948.0
2025-06-18 11:12:04.180304,252.0,970414.0,2730948.0
2025-06-18 11:12:05.036615,252.0,972335.0,2731270.0
2025-06-18 11:12:06.128890,252.0,972433.0,2732467.0
2025-06-18 11:12:07.227123,252.0,972437.0,2735053.0
2025-06-18 11:12:08.236309,252.0,971022.0,2735772.0
2025-06-18 11:12:10.120461,252.0,970604.0,2735872.0
2025-06-18 11:12:10.629127,252.0,970771.0,2735664.0
2025-06-18 11:12:11.730890,252.03,969941.0,2736024.0
2025-06-18 11:12:12.185625,252.0,969941.0,2736024.0
2025-06-18 11:12:12.832465,252.0,970667.0,2737384.0
2025-06-18 11:12:13.834780,252.0,970762.0,2736970.0
2025-06-18 11:12:14.180245,252.0,970762.0,2736970.0
2025-06-18 11:12:14.835316,252.0,970485.0,2737094.0
2025-06-18 11:12:15.178581,252.04,970485.0,2737094.0
2025-06-18 11:12:15.834496,252.04,968432.0,2739914.0
2025-06-18 11:12:16.179459,252.01,968432.0,2739914.0
2025-06-18 11:12:16.836015,252.01,968635.0,2740774.0
2025-06-18 11:12:17.179435,252.01,968635.0,2740774.0
2025-06-18 11:12:17.937625,252.01,965626.0,2740648.0
2025-06-18 11:12:18.211396,252.01,965626.0,2740648.0
2025-06-18 11:12:19.040760,252.01,965563.0,2736719.0
2025-06-18 11:12:19.178196,252.01,965563.0,2736719.0
2025-06-18 11:12:20.142110,252.01,966019.0,2739649.0
2025-06-18 11:12:20.177148,252.01,966019.0,2739649.0
2025-06-18 11:12:21.144785,252.02,966107.0,2739358.0
2025-06-18 11:12:21.178917,252.02,966107.0,2739358.0
2025-06-18 11:12:22.178990,252.03,966107.0,2739358.0
2025-06-18 11:12:22.246430,252.02,966297.0,2738510.0
2025-06-18 11:12:23.179361,252.02,966297.0,2738510.0
2025-06-18 11:12:23.342106,252.02,965883.0,2735860.0
2025-06-18 11:12:24.180076,252.02,965883.0,2735860.0
2025-06-18 11:12:24.443059,252.02,966017.0,2736000.0
2025-06-18 11:12:25.178170,252.02,966017.0,2736000.0
2025-06-18 11:12:25.578278,252.02,965788.0,2736098.0
2025-06-18 11:12:26.180025,252.02,965788.0,2736098.0
2025-06-18 11:12:26.554965,252.02,965338.0,2736042.0
2025-06-18 11:12:27.181100,252.02,965338.0,2736042.0
2025-06-18 11:12:27.648820,252.02,965532.0,2736573.0
2025-06-18 11:12:28.179332,252.02,965532.0,2736573.0
2025-06-18 11:12:28.747685,252.02,965844.0,2737275.0
2025-06-18 11:12:29.176103,252.02,965844.0,2737275.0
2025-06-18 11:12:29.849427,252.02,965500.0,2737763.0
2025-06-18 11:12:30.187084,252.02,965500.0,2737763.0
2025-06-18 11:12:30.950304,252.02,965288.0,2737277.0
2025-06-18 11:12:31.180603,252.03,965288.0,2737277.0
2025-06-18 11:12:31.952766,252.03,961506.0,2737589.0
2025-06-18 11:12:32.206649,252.03,961506.0,2737589.0
2025-06-18 11:12:33.052620,252.02,957275.0,2738280.0
2025-06-18 11:12:33.180703,252.02,957275.0,2738280.0
2025-06-18 11:12:34.159045,252.02,956946.0,2737527.0
2025-06-18 11:12:35.200922,252.01,956946.0,2737527.0
2025-06-18 11:12:35.251008,252.01,957158.0,2736885.0
2025-06-18 11:12:36.201715,251.98,957158.0,2736885.0
2025-06-18 11:12:36.258518,251.98,955789.0,2746682.0
2025-06-18 11:12:37.179924,251.88,955789.0,2746682.0
2025-06-18 11:12:37.254922,251.88,942776.0,2761159.0
2025-06-18 11:12:38.182209,251.88,942776.0,2761159.0
2025-06-18 11:12:38.355533,251.88,942594.0,2762074.0
2025-06-18 11:12:39.180920,251.86,942594.0,2762074.0
2025-06-18 11:12:39.456964,251.86,944001.0,2760900.0
2025-06-18 11:12:40.181063,251.85,944001.0,2760900.0
2025-06-18 11:12:40.454950,251.85,942827.0,2760477.0
2025-06-18 11:12:41.221106,251.85,942827.0,2760477.0
2025-06-18 11:12:41.559325,251.85,943795.0,2760141.0
2025-06-18 11:12:42.179717,251.85,943795.0,2760141.0
2025-06-18 11:12:42.581702,251.85,943782.0,2764007.0
2025-06-18 11:12:43.183523,251.85,943782.0,2764007.0
2025-06-18 11:12:43.661308,251.85,942470.0,2765059.0
2025-06-18 11:12:44.180174,251.84,942470.0,2765059.0
2025-06-18 11:12:44.760147,251.84,942762.0,2760812.0
2025-06-18 11:12:45.181166,251.84,942762.0,2760812.0
2025-06-18 11:12:45.761545,251.83,942093.0,2763995.0
2025-06-18 11:12:46.180054,251.83,942093.0,2763995.0
2025-06-18 11:12:46.861439,251.82,942061.0,2764375.0
2025-06-18 11:12:47.180273,251.82,942061.0,2764375.0
2025-06-18 11:12:47.569053,251.82,942061.0,2764375.0
2025-06-18 11:12:47.964674,251.82,942030.0,2763580.0
2025-06-18 11:12:48.179342,251.82,942030.0,2763580.0
2025-06-18 11:12:48.632498,251.82,942030.0,2763580.0
2025-06-18 11:12:48.966073,251.86,943306.0,2762238.0
2025-06-18 11:12:49.179442,251.86,943306.0,2762238.0
2025-06-18 11:12:49.545733,251.86,943306.0,2762238.0
2025-06-18 11:12:50.064091,251.85,944724.0,2762031.0
2025-06-18 11:12:50.184484,251.85,944724.0,2762031.0
2025-06-18 11:12:50.455435,251.85,944724.0,2762031.0
2025-06-18 11:12:51.167512,251.88,943263.0,2760087.0
2025-06-18 11:12:51.180959,251.88,943263.0,2760087.0
2025-06-18 11:12:51.313862,251.88,943263.0,2760087.0
2025-06-18 11:12:52.078048,251.88,943263.0,2760087.0
2025-06-18 11:12:52.164209,251.85,944201.0,2760891.0
2025-06-18 11:12:52.178603,251.85,944201.0,2760891.0
2025-06-18 11:12:53.102448,251.85,944201.0,2760891.0
2025-06-18 11:12:53.180582,251.85,944201.0,2760891.0
2025-06-18 11:12:53.265896,251.88,944618.0,2761180.0
2025-06-18 11:12:53.639252,251.88,944618.0,2761180.0
2025-06-18 11:12:54.053448,251.88,944618.0,2761180.0
2025-06-18 11:12:54.181507,251.88,944618.0,2761180.0
2025-06-18 11:12:54.366237,251.88,944405.0,2760842.0
2025-06-18 11:12:54.524749,251.88,944405.0,2760842.0
2025-06-18 11:12:55.178740,251.86,944405.0,2760842.0
2025-06-18 11:12:55.466641,251.86,943942.0,2761504.0
2025-06-18 11:12:55.769082,251.86,943942.0,2761504.0
2025-06-18 11:12:56.181527,251.85,943942.0,2761504.0
2025-06-18 11:12:56.569768,251.88,944107.0,2761345.0
2025-06-18 11:12:57.013385,251.88,944107.0,2761345.0
2025-06-18 11:12:57.185635,251.81,944107.0,2761345.0
2025-06-18 11:12:57.570278,251.81,943572.0,2762650.0
2025-06-18 11:12:57.883352,251.81,943572.0,2762650.0
2025-06-18 11:12:58.669691,251.81,943515.0,2762451.0
2025-06-18 11:12:59.190413,251.83,943515.0,2762451.0
2025-06-18 11:12:59.295840,251.83,943515.0,2762451.0
2025-06-18 11:12:59.771688,251.83,942975.0,2763619.0
2025-06-18 11:13:00.404102,251.83,942975.0,2763619.0
2025-06-18 11:13:01.185598,251.81,942975.0,2763619.0
2025-06-18 11:13:01.577919,251.81,942975.0,2763619.0
2025-06-18 11:13:02.175085,251.83,942840.0,2764809.0
2025-06-18 11:13:03.038440,251.83,942840.0,2764809.0
2025-06-18 11:13:03.213458,251.82,942840.0,2764809.0
2025-06-18 11:13:05.187321,251.81,942840.0,2764809.0
2025-06-18 11:13:07.077127,251.82,946109.0,2764814.0
2025-06-18 11:13:07.186131,251.82,946109.0,2764814.0
2025-06-18 11:13:09.184814,251.82,946109.0,2764814.0
2025-06-18 11:13:11.187690,251.91,946109.0,2764814.0
2025-06-18 11:13:12.081038,251.88,955162.0,2762377.0
2025-06-18 11:13:13.187188,251.88,955162.0,2762377.0
2025-06-18 11:13:15.191044,251.85,955162.0,2762377.0
2025-06-18 11:13:16.783247,251.85,957073.0,2763182.0
2025-06-18 11:13:17.189654,251.85,957073.0,2763182.0
2025-06-18 11:13:19.188819,251.85,957073.0,2763182.0
2025-06-18 11:13:21.188193,251.86,957073.0,2763182.0
2025-06-18 11:13:21.684196,251.86,956675.0,2764032.0
2025-06-18 11:13:25.188770,251.83,956675.0,2764032.0
2025-06-18 11:13:26.587027,251.83,960917.0,2757263.0
2025-06-18 11:13:27.186574,251.84,960917.0,2757263.0
2025-06-18 11:13:29.187725,251.9,960917.0,2757263.0
2025-06-18 11:13:31.188600,251.88,960917.0,2757263.0
2025-06-18 11:13:31.591754,251.87,960338.0,2759996.0
2025-06-18 11:13:33.192513,251.88,960338.0,2759996.0
2025-06-18 11:13:35.189178,251.95,960338.0,2759996.0
2025-06-18 11:13:36.595107,251.93,968291.0,2757297.0
2025-06-18 11:13:37.189174,251.96,968291.0,2757297.0
2025-06-18 11:13:39.188355,251.93,968291.0,2757297.0
2025-06-18 11:13:41.191711,251.89,968291.0,2757297.0
2025-06-18 11:13:41.797056,251.89,971415.0,2752027.0
2025-06-18 11:13:43.190215,251.95,971415.0,2752027.0
2025-06-18 11:13:45.187494,251.95,971415.0,2752027.0
2025-06-18 11:13:46.899778,251.95,971565.0,2751550.0
2025-06-18 11:13:47.196297,251.95,971565.0,2751550.0
2025-06-18 11:13:49.189315,251.98,971565.0,2751550.0
2025-06-18 11:13:51.186257,251.95,971565.0,2751550.0
2025-06-18 11:13:51.600982,251.95,970211.0,2753751.0
2025-06-18 11:13:53.190690,251.95,970211.0,2753751.0
2025-06-18 11:13:55.190647,251.96,970211.0,2753751.0
2025-06-18 11:13:56.802972,251.95,976691.0,2746906.0
2025-06-18 11:13:57.188517,251.92,976691.0,2746906.0
2025-06-18 11:14:01.186685,251.96,976691.0,2746906.0
2025-06-18 11:14:02.105945,251.99,983902.0,2746908.0
2025-06-18 11:14:03.190933,251.99,983902.0,2746908.0
2025-06-18 11:14:05.188585,251.99,983902.0,2746908.0
2025-06-18 11:14:06.915601,251.97,989670.0,2742757.0
2025-06-18 11:14:07.189905,251.97,989670.0,2742757.0
2025-06-18 11:14:09.195711,251.99,989670.0,2742757.0
2025-06-18 11:14:11.187719,252.0,989670.0,2742757.0
2025-06-18 11:14:12.019951,252.0,992265.0,2738336.0
2025-06-18 11:14:13.228189,252.04,992265.0,2738336.0
2025-06-18 11:14:15.191938,252.05,992265.0,2738336.0
2025-06-18 11:14:17.113904,252.04,994063.0,2738278.0
2025-06-18 11:14:17.199395,252.04,994063.0,2738278.0
2025-06-18 11:14:19.193449,251.97,994063.0,2738278.0
2025-06-18 11:14:21.190659,251.99,994063.0,2738278.0
2025-06-18 11:14:21.820222,251.99,994382.0,2739007.0
2025-06-18 11:14:23.191911,252.1,994382.0,2739007.0
2025-06-18 11:14:26.922926,252.06,992644.0,2739731.0
2025-06-18 11:14:27.204980,252.06,992644.0,2739731.0
2025-06-18 11:14:29.193438,252.1,992644.0,2739731.0
2025-06-18 11:14:31.192857,252.06,992644.0,2739731.0
2025-06-18 11:14:32.229213,252.03,1006550.0,2730081.0
2025-06-18 11:14:33.192310,252.03,1006550.0,2730081.0
2025-06-18 11:14:35.195283,252.05,1006550.0,2730081.0
2025-06-18 11:14:37.222328,252.03,1006550.0,2730081.0
2025-06-18 11:14:37.562930,252.03,1001618.0,2729897.0
2025-06-18 11:14:39.191112,252.1,1001618.0,2729897.0
2025-06-18 11:14:41.197909,252.04,1001618.0,2729897.0
2025-06-18 11:14:42.432475,252.03,1006657.0,2728065.0
2025-06-18 11:14:43.205053,252.04,1006657.0,2728065.0
2025-06-18 11:14:45.190103,252.1,1006657.0,2728065.0
2025-06-18 11:14:47.197448,252.03,1006657.0,2728065.0
2025-06-18 11:14:47.937764,252.06,1004699.0,2732693.0
2025-06-18 11:14:49.191705,252.04,1004699.0,2732693.0
2025-06-18 11:14:51.195414,252.06,1004699.0,2732693.0
2025-06-18 11:14:53.214667,252.03,1004699.0,2732693.0
2025-06-18 11:14:53.442732,252.03,1003377.0,2733585.0
2025-06-18 11:14:55.192960,252.04,1003377.0,2733585.0
2025-06-18 11:14:57.189902,252.04,1003377.0,2733585.0
2025-06-18 11:14:58.949665,252.04,1003204.0,2729420.0
2025-06-18 11:15:01.189716,252.07,1003204.0,2729420.0
2025-06-18 11:15:03.193657,252.04,1003204.0,2729420.0
2025-06-18 11:15:04.156739,252.04,996984.0,2736693.0
2025-06-18 11:15:05.196258,252.04,996984.0,2736693.0
2025-06-18 11:15:07.192894,252.04,996984.0,2736693.0
2025-06-18 11:15:10.475938,252.07,996984.0,2736693.0
2025-06-18 11:15:10.476870,252.07,999781.0,2734227.0
2025-06-18 11:15:11.195978,252.03,999781.0,2734227.0
2025-06-18 11:15:13.194232,252.05,999781.0,2734227.0
2025-06-18 11:15:14.458265,252.03,998086.0,2737569.0
2025-06-18 11:15:15.210510,252.07,998086.0,2737569.0
2025-06-18 11:15:17.206746,252.02,998086.0,2737569.0
2025-06-18 11:15:19.201687,252.02,998086.0,2737569.0
2025-06-18 11:15:19.461779,252.02,998544.0,2736105.0
2025-06-18 11:15:21.195438,252.04,998544.0,2736105.0
2025-06-18 11:15:23.198244,252.04,998544.0,2736105.0
2025-06-18 11:15:24.366531,252.08,997747.0,2733808.0
2025-06-18 11:15:25.200333,252.08,997747.0,2733808.0
2025-06-18 11:15:29.206544,252.04,997747.0,2733808.0
2025-06-18 11:15:29.881960,252.09,1000259.0,2737239.0
2025-06-18 11:15:31.199026,252.09,1000259.0,2737239.0
2025-06-18 11:15:33.196796,252.08,1000259.0,2737239.0
2025-06-18 11:15:35.474165,252.04,1002435.0,2732799.0
2025-06-18 11:15:37.234333,252.04,1002435.0,2732799.0
2025-06-18 11:15:39.204976,252.04,1002435.0,2732799.0
2025-06-18 11:15:40.780750,252.04,999148.0,2736413.0
2025-06-18 11:15:41.199710,252.04,999148.0,2736413.0
2025-06-18 11:15:43.202053,252.02,999148.0,2736413.0
2025-06-18 11:15:45.198757,252.05,999148.0,2736413.0
2025-06-18 11:15:45.780403,252.05,1001244.0,2734399.0
2025-06-18 11:15:47.198959,252.03,1001244.0,2734399.0
2025-06-18 11:15:48.076249,252.03,1001244.0,2734399.0
2025-06-18 11:15:49.097893,252.03,1001244.0,2734399.0
2025-06-18 11:15:49.199276,252.04,1001244.0,2734399.0
2025-06-18 11:15:50.001888,252.04,1001244.0,2734399.0
2025-06-18 11:15:50.939131,252.04,1001244.0,2734399.0
2025-06-18 11:15:51.201886,252.08,1001244.0,2734399.0
2025-06-18 11:15:51.483572,252.08,1000162.0,2732856.0
2025-06-18 11:15:51.781760,252.08,1000162.0,2732856.0
2025-06-18 11:15:52.566316,252.08,1000162.0,2732856.0
2025-06-18 11:15:53.573446,252.08,1000162.0,2732856.0
2025-06-18 11:15:54.136298,252.08,1000162.0,2732856.0
2025-06-18 11:15:55.038144,252.08,1000162.0,2732856.0
2025-06-18 11:15:55.199105,252.06,1000162.0,2732856.0
2025-06-18 11:15:55.403458,252.06,1000162.0,2732856.0
2025-06-18 11:15:56.299048,252.06,1000162.0,2732856.0
2025-06-18 11:15:56.688906,252.08,1000212.0,2736813.0
2025-06-18 11:15:57.201673,252.02,1000212.0,2736813.0
2025-06-18 11:15:57.589426,252.02,1000212.0,2736813.0
2025-06-18 11:15:58.415235,252.02,1000212.0,2736813.0
2025-06-18 11:15:59.196416,252.05,1000212.0,2736813.0
2025-06-18 11:16:00.128478,252.05,1000212.0,2736813.0
2025-06-18 11:16:01.210880,252.05,1000212.0,2736813.0
2025-06-18 11:16:01.254819,252.05,1000212.0,2736813.0
2025-06-18 11:16:01.888800,252.08,1000456.0,2737710.0
2025-06-18 11:16:02.400887,252.08,1000456.0,2737710.0
2025-06-18 11:16:03.200782,252.05,1000456.0,2737710.0
2025-06-18 11:16:03.889358,252.05,1000456.0,2737710.0
2025-06-18 11:16:05.204548,252.07,1000456.0,2737710.0
2025-06-18 11:16:07.292205,252.07,1000602.0,2738690.0
2025-06-18 11:16:09.199676,252.06,1000602.0,2738690.0
2025-06-18 11:16:11.200795,252.07,1000602.0,2738690.0
2025-06-18 11:16:12.496064,252.03,996855.0,2742395.0
2025-06-18 11:16:13.206016,252.03,996855.0,2742395.0
2025-06-18 11:16:15.199546,252.03,996855.0,2742395.0
2025-06-18 11:16:17.208133,252.0,996855.0,2742395.0
2025-06-18 11:16:18.000270,252.0,993062.0,2745628.0
2025-06-18 11:16:21.230921,252.0,993062.0,2745628.0
2025-06-18 11:16:23.102060,252.0,987599.0,2745752.0
2025-06-18 11:16:23.200907,252.0,987599.0,2745752.0
2025-06-18 11:16:25.201080,251.97,987599.0,2745752.0
2025-06-18 11:16:27.202187,251.98,987599.0,2745752.0
2025-06-18 11:16:28.105960,251.95,988862.0,2755431.0
2025-06-18 11:16:29.208632,251.99,988862.0,2755431.0
2025-06-18 11:16:31.204261,252.0,988862.0,2755431.0
2025-06-18 11:16:33.107397,252.0,989308.0,2752766.0
2025-06-18 11:16:35.208202,251.9,989308.0,2752766.0
2025-06-18 11:16:37.206889,251.88,989308.0,2752766.0
2025-06-18 11:16:38.511312,251.88,987828.0,2761228.0
2025-06-18 11:16:40.293976,251.88,987828.0,2761228.0
2025-06-18 11:16:41.212889,251.88,987828.0,2761228.0
2025-06-18 11:16:43.615046,251.88,987890.0,2760414.0
2025-06-18 11:16:45.212707,251.88,987890.0,2760414.0
2025-06-18 11:16:47.209053,251.89,987890.0,2760414.0
2025-06-18 11:16:48.725784,251.95,988538.0,2758329.0
2025-06-18 11:16:49.207929,251.9,988538.0,2758329.0
2025-06-18 11:16:51.216002,251.99,988538.0,2758329.0
2025-06-18 11:16:53.212040,251.9,988538.0,2758329.0
2025-06-18 11:16:53.825607,251.9,987809.0,2758985.0
2025-06-18 11:16:55.211383,251.9,987809.0,2758985.0
2025-06-18 11:16:57.211508,251.88,987809.0,2758985.0
2025-06-18 11:17:00.407382,251.85,985617.0,2772109.0
2025-06-18 11:17:00.419455,251.85,985617.0,2772109.0
2025-06-18 11:17:01.207928,251.98,985617.0,2772109.0
2025-06-18 11:17:03.208782,251.93,985617.0,2772109.0
2025-06-18 11:17:04.127727,251.93,981751.0,2771811.0
2025-06-18 11:17:07.211078,251.93,981751.0,2771811.0
2025-06-18 11:17:09.208737,251.93,981751.0,2771811.0
2025-06-18 11:17:09.230575,251.93,983926.0,2773461.0
2025-06-18 11:17:11.211194,251.9,983926.0,2773461.0
2025-06-18 11:17:13.206085,251.9,983926.0,2773461.0
2025-06-18 11:17:14.333658,251.9,980721.0,2777364.0
2025-06-18 11:17:15.213331,251.82,980721.0,2777364.0
2025-06-18 11:17:17.209082,251.82,980721.0,2777364.0
2025-06-18 11:17:19.209060,251.97,980721.0,2777364.0
2025-06-18 11:17:19.435934,251.97,984740.0,2772216.0
2025-06-18 11:17:23.207691,251.88,984740.0,2772216.0
2025-06-18 11:17:24.744474,251.97,985987.0,2769051.0
2025-06-18 11:17:25.213218,251.93,985987.0,2769051.0
2025-06-18 11:17:27.211763,251.88,985987.0,2769051.0
2025-06-18 11:17:29.212811,251.87,985987.0,2769051.0
2025-06-18 11:17:29.746107,251.9,984779.0,2762724.0
2025-06-18 11:17:31.212653,251.9,984779.0,2762724.0
2025-06-18 11:17:33.214428,251.93,984779.0,2762724.0
2025-06-18 11:17:34.747949,251.95,982693.0,2763113.0
2025-06-18 11:17:35.213702,251.95,982693.0,2763113.0
2025-06-18 11:17:37.212103,251.9,982693.0,2763113.0
2025-06-18 11:17:39.953077,251.9,982545.0,2774555.0
2025-06-18 11:17:41.218491,251.9,982545.0,2774555.0
2025-06-18 11:17:43.214480,251.91,982545.0,2774555.0
2025-06-18 11:17:44.953184,251.9,978908.0,2769173.0
2025-06-18 11:17:45.209790,251.9,978908.0,2769173.0
2025-06-18 11:17:47.214897,251.91,978908.0,2769173.0
2025-06-18 11:17:49.756080,251.91,982518.0,2768112.0
2025-06-18 11:17:51.233972,251.92,982518.0,2768112.0
2025-06-18 11:17:53.210414,251.95,982518.0,2768112.0
2025-06-18 11:17:54.360597,251.95,980322.0,2764434.0
2025-06-18 11:17:57.215060,251.88,980322.0,2764434.0
2025-06-18 11:17:58.863046,251.83,978099.0,2775922.0
2025-06-18 11:17:59.212925,251.83,978099.0,2775922.0
2025-06-18 11:18:01.209518,251.86,978099.0,2775922.0
2025-06-18 11:18:03.210116,251.94,978099.0,2775922.0
2025-06-18 11:18:03.670642,251.94,977070.0,2770402.0
2025-06-18 11:18:07.218473,251.89,977070.0,2770402.0
2025-06-18 11:18:08.369128,251.99,988353.0,2758905.0
2025-06-18 11:18:09.209293,251.89,988353.0,2758905.0
2025-06-18 11:18:11.219195,251.82,988353.0,2758905.0
2025-06-18 11:18:13.580472,251.86,972719.0,2773474.0
2025-06-18 11:18:14.209300,251.81,972719.0,2773474.0
2025-06-18 11:18:18.211003,251.82,972719.0,2773474.0
2025-06-18 11:18:19.583700,251.82,982551.0,2776757.0
2025-06-18 11:18:20.216485,251.82,982551.0,2776757.0
2025-06-18 11:18:22.207885,251.84,982551.0,2776757.0
2025-06-18 11:18:24.212997,251.84,982551.0,2776757.0
2025-06-18 11:18:25.180606,251.84,983641.0,2778596.0
2025-06-18 11:18:26.213129,251.85,983641.0,2778596.0
2025-06-18 11:18:28.261522,251.84,983641.0,2778596.0
2025-06-18 11:18:30.187224,251.84,983001.0,2779458.0
2025-06-18 11:18:30.211236,251.84,983001.0,2779458.0
2025-06-18 11:18:32.217179,251.84,983001.0,2779458.0
2025-06-18 11:18:34.924412,251.85,983001.0,2779458.0
2025-06-18 11:18:35.385789,251.86,985682.0,2775122.0
2025-06-18 11:18:36.208929,251.86,985682.0,2775122.0
2025-06-18 11:18:38.222023,251.82,985682.0,2775122.0
2025-06-18 11:18:40.217400,251.81,985682.0,2775122.0
2025-06-18 11:18:40.388890,251.81,982187.0,2777760.0
2025-06-18 11:18:42.210299,251.84,982187.0,2777760.0
2025-06-18 11:18:44.217237,251.85,982187.0,2777760.0
2025-06-18 11:18:45.288336,251.85,983744.0,2776234.0
2025-06-18 11:18:46.208069,251.86,983744.0,2776234.0
2025-06-18 11:18:48.210545,251.86,983744.0,2776234.0
2025-06-18 11:18:48.475001,251.86,983744.0,2776234.0
2025-06-18 11:18:49.555708,251.86,983744.0,2776234.0
2025-06-18 11:18:49.790429,251.88,984296.0,2774574.0
2025-06-18 11:18:50.209711,251.88,984296.0,2774574.0
2025-06-18 11:18:50.480130,251.88,984296.0,2774574.0
2025-06-18 11:18:51.406793,251.88,984296.0,2774574.0
2025-06-18 11:18:52.258746,251.88,984296.0,2774574.0
2025-06-18 11:18:53.040619,251.88,984296.0,2774574.0
2025-06-18 11:18:54.056374,251.88,984296.0,2774574.0
2025-06-18 11:18:54.209565,251.88,984296.0,2774574.0
2025-06-18 11:18:54.597103,251.9,986210.0,2773653.0
2025-06-18 11:18:54.625116,251.9,986210.0,2773653.0
2025-06-18 11:18:55.036631,251.9,986210.0,2773653.0
2025-06-18 11:18:56.217971,251.9,986210.0,2773653.0
2025-06-18 11:18:56.792900,251.9,986210.0,2773653.0
2025-06-18 11:18:58.035067,251.9,986210.0,2773653.0
2025-06-18 11:18:58.214337,251.9,986210.0,2773653.0
2025-06-18 11:18:58.900025,251.9,986210.0,2773653.0
2025-06-18 11:18:59.399177,251.89,983044.0,2773643.0
2025-06-18 11:19:00.212961,251.9,983044.0,2773643.0
2025-06-18 11:19:00.286072,251.9,983044.0,2773643.0
2025-06-18 11:19:01.580223,251.9,983044.0,2773643.0
2025-06-18 11:19:02.216283,251.93,983044.0,2773643.0
2025-06-18 11:19:02.717198,251.93,983044.0,2773643.0
2025-06-18 11:19:04.193618,251.93,983044.0,2773643.0
2025-06-18 11:19:04.223194,251.9,983044.0,2773643.0
2025-06-18 11:19:04.401005,251.9,990084.0,2770187.0
2025-06-18 11:19:06.213277,251.91,990084.0,2770187.0
2025-06-18 11:19:08.217580,251.9,990084.0,2770187.0
2025-06-18 11:19:09.900888,251.86,998190.0,2768881.0
2025-06-18 11:19:10.218059,251.86,998190.0,2768881.0
2025-06-18 11:19:12.213093,251.87,998190.0,2768881.0
2025-06-18 11:19:14.213064,251.88,998190.0,2768881.0
2025-06-18 11:19:14.904176,251.88,1002513.0,2767197.0
2025-06-18 11:19:18.214785,251.86,1002513.0,2767197.0
2025-06-18 11:19:20.217306,251.85,1002513.0,2767197.0
2025-06-18 11:19:20.219164,251.85,996988.0,2770632.0
2025-06-18 11:19:22.217214,251.82,996988.0,2770632.0
2025-06-18 11:19:24.217576,251.83,996988.0,2770632.0
2025-06-18 11:19:25.516276,251.83,1000405.0,2779537.0
2025-06-18 11:19:26.218201,251.87,1000405.0,2779537.0
2025-06-18 11:19:28.219078,251.83,1000405.0,2779537.0
2025-06-18 11:19:30.217357,251.82,1000405.0,2779537.0
2025-06-18 11:19:30.415833,251.82,999061.0,2780209.0
2025-06-18 11:19:34.250043,251.83,999061.0,2780209.0
2025-06-18 11:19:35.316109,251.85,1000659.0,2780787.0
2025-06-18 11:19:36.218111,251.82,1000659.0,2780787.0
2025-06-18 11:19:38.238643,251.82,1000659.0,2780787.0
2025-06-18 11:19:40.119791,251.82,996932.0,2787206.0
2025-06-18 11:19:40.218987,251.82,996932.0,2787206.0
2025-06-18 11:19:42.259031,251.83,996932.0,2787206.0
2025-06-18 11:19:44.240038,251.83,996932.0,2787206.0
2025-06-18 11:19:45.124660,251.82,995108.0,2785890.0
2025-06-18 11:19:46.217358,251.82,995108.0,2785890.0
2025-06-18 11:19:48.223202,251.82,995108.0,2785890.0
2025-06-18 11:19:50.225791,251.82,995108.0,2785890.0
2025-06-18 11:19:50.236410,251.82,993348.0,2791997.0
2025-06-18 11:19:52.223865,251.82,993348.0,2791997.0
2025-06-18 11:19:54.216108,251.82,993348.0,2791997.0
2025-06-18 11:19:55.631280,251.82,985891.0,2795695.0
2025-06-18 11:19:56.214423,251.82,985891.0,2795695.0
2025-06-18 11:19:58.220758,251.82,985891.0,2795695.0
2025-06-18 11:20:00.520002,251.82,985891.0,2795695.0
2025-06-18 11:20:00.838285,251.86,989534.0,2791746.0
2025-06-18 11:20:02.242366,251.83,989534.0,2791746.0
2025-06-18 11:20:04.212185,251.84,989534.0,2791746.0
2025-06-18 11:20:05.740298,251.82,982942.0,2795019.0
2025-06-18 11:20:06.223046,251.85,982942.0,2795019.0
2025-06-18 11:20:07.222457,251.85,982942.0,2795019.0
2025-06-18 11:20:08.221951,251.81,982942.0,2795019.0
2025-06-18 11:20:10.220488,251.81,982942.0,2795019.0
2025-06-18 11:20:10.544811,251.81,984690.0,2792152.0
2025-06-18 11:20:11.219902,251.81,984690.0,2792152.0
2025-06-18 11:20:12.222373,251.86,984690.0,2792152.0
2025-06-18 11:20:13.224585,251.86,984690.0,2792152.0
2025-06-18 11:20:14.218386,251.84,984690.0,2792152.0
2025-06-18 11:20:15.049105,251.84,987010.0,2788776.0
2025-06-18 11:20:15.217598,251.84,987010.0,2788776.0
2025-06-18 11:20:16.225275,251.83,987010.0,2788776.0
2025-06-18 11:20:17.223611,251.84,987010.0,2788776.0
2025-06-18 11:20:18.226160,251.85,987010.0,2788776.0
2025-06-18 11:20:19.247208,251.84,987010.0,2788776.0
2025-06-18 11:20:19.655758,251.84,989386.0,2791985.0
2025-06-18 11:20:20.225394,251.85,989386.0,2791985.0
2025-06-18 11:20:21.238780,251.85,989386.0,2791985.0
2025-06-18 11:20:22.220294,251.85,989386.0,2791985.0
2025-06-18 11:20:23.255049,251.86,989386.0,2791985.0
2025-06-18 11:20:24.222156,251.85,989386.0,2791985.0
2025-06-18 11:20:24.957744,251.85,990026.0,2790459.0
2025-06-18 11:20:25.218968,251.85,990026.0,2790459.0
2025-06-18 11:20:26.224485,251.84,990026.0,2790459.0
2025-06-18 11:20:27.222476,251.84,990026.0,2790459.0
2025-06-18 11:20:28.220468,251.84,990026.0,2790459.0
2025-06-18 11:20:29.960008,251.85,989118.0,2792513.0
2025-06-18 11:20:30.227733,251.85,989118.0,2792513.0
2025-06-18 11:20:31.221543,251.84,989118.0,2792513.0
2025-06-18 11:20:32.228186,251.85,989118.0,2792513.0
2025-06-18 11:20:33.220621,251.85,989118.0,2792513.0
2025-06-18 11:20:34.224597,251.85,989118.0,2792513.0
2025-06-18 11:20:34.963005,251.85,989655.0,2790814.0
2025-06-18 11:20:35.220105,251.85,989655.0,2790814.0
2025-06-18 11:20:36.224600,251.85,989655.0,2790814.0
2025-06-18 11:20:37.221843,251.85,989655.0,2790814.0
2025-06-18 11:20:38.223259,251.85,989655.0,2790814.0
2025-06-18 11:20:39.219786,251.85,989655.0,2790814.0
2025-06-18 11:20:39.767573,251.85,987747.0,2788042.0
2025-06-18 11:20:40.232111,251.86,987747.0,2788042.0
2025-06-18 11:20:42.223424,251.85,987747.0,2788042.0
2025-06-18 11:20:43.239962,251.84,987747.0,2788042.0
2025-06-18 11:20:44.230120,251.84,987747.0,2788042.0
2025-06-18 11:20:44.568600,251.84,986924.0,2793161.0
2025-06-18 11:20:48.222066,251.85,986924.0,2793161.0
2025-06-18 11:20:49.222013,251.84,986924.0,2793161.0
2025-06-18 11:20:49.674637,251.84,989267.0,2790756.0
2025-06-18 11:20:50.226819,251.85,989267.0,2790756.0
2025-06-18 11:20:51.231343,251.85,989267.0,2790756.0
2025-06-18 11:20:52.218428,251.85,989267.0,2790756.0
2025-06-18 11:20:53.226841,251.85,989267.0,2790756.0
2025-06-18 11:20:54.227322,251.85,989267.0,2790756.0
2025-06-18 11:20:54.674924,251.85,988099.0,2787665.0
2025-06-18 11:20:55.223481,251.85,988099.0,2787665.0
2025-06-18 11:20:56.261051,251.85,988099.0,2787665.0
2025-06-18 11:20:57.227730,251.85,988099.0,2787665.0
2025-06-18 11:20:58.226417,251.86,988099.0,2787665.0
2025-06-18 11:20:59.224126,251.85,988099.0,2787665.0
2025-06-18 11:20:59.675783,251.85,985571.0,2788118.0
2025-06-18 11:21:00.225659,251.86,985571.0,2788118.0
2025-06-18 11:21:01.228399,251.99,985571.0,2788118.0
2025-06-18 11:21:02.219213,251.96,985571.0,2788118.0
2025-06-18 11:21:03.243963,251.96,985571.0,2788118.0
2025-06-18 11:21:04.225274,251.96,985571.0,2788118.0
2025-06-18 11:21:04.277233,251.96,1016841.0,2759795.0
2025-06-18 11:21:06.228416,251.97,1016841.0,2759795.0
2025-06-18 11:21:07.220010,252.0,1016841.0,2759795.0
2025-06-18 11:21:08.223873,252.0,1016841.0,2759795.0
2025-06-18 11:21:09.183089,252.0,1020285.0,2760745.0
2025-06-18 11:21:11.224954,251.96,1020285.0,2760745.0
2025-06-18 11:21:12.226732,251.96,1020285.0,2760745.0
2025-06-18 11:21:13.254629,251.98,1020285.0,2760745.0
2025-06-18 11:21:13.987072,251.98,1015588.0,2769026.0
2025-06-18 11:21:14.218753,251.98,1015588.0,2769026.0
2025-06-18 11:21:15.238286,251.96,1015588.0,2769026.0
2025-06-18 11:21:16.235657,251.93,1015588.0,2769026.0
2025-06-18 11:21:17.266941,251.93,1015588.0,2769026.0
2025-06-18 11:21:18.223778,251.9,1015588.0,2769026.0
2025-06-18 11:21:18.591904,251.92,1014374.0,2772685.0
2025-06-18 11:21:19.222854,251.92,1014374.0,2772685.0
2025-06-18 11:21:21.233489,251.9,1014374.0,2772685.0
2025-06-18 11:21:22.224385,251.92,1014374.0,2772685.0
2025-06-18 11:21:23.230845,251.87,1014374.0,2772685.0
2025-06-18 11:21:23.591490,251.87,1008238.0,2775227.0
2025-06-18 11:21:25.229272,251.9,1008238.0,2775227.0
2025-06-18 11:21:26.224028,251.85,1008238.0,2775227.0
2025-06-18 11:21:27.232822,251.85,1008238.0,2775227.0
2025-06-18 11:21:28.224801,251.9,1008238.0,2775227.0
2025-06-18 11:21:28.790575,251.9,1009772.0,2777654.0
2025-06-18 11:21:30.224107,251.99,1009772.0,2777654.0
2025-06-18 11:21:31.223429,251.95,1009772.0,2777654.0
2025-06-18 11:21:33.226163,251.99,1009772.0,2777654.0
2025-06-18 11:21:33.796486,252.0,1014049.0,2776062.0
2025-06-18 11:21:34.222798,251.91,1014049.0,2776062.0
2025-06-18 11:21:35.227570,251.95,1014049.0,2776062.0
2025-06-18 11:21:37.226276,251.88,1014049.0,2776062.0
2025-06-18 11:21:38.233044,251.88,1014049.0,2776062.0
2025-06-18 11:21:38.606336,251.88,1009777.0,2775051.0
2025-06-18 11:21:39.250331,251.88,1009777.0,2775051.0
2025-06-18 11:21:41.225536,251.98,1009777.0,2775051.0
2025-06-18 11:21:43.107896,251.98,1004752.0,2784843.0
2025-06-18 11:21:43.229127,251.91,1004752.0,2784843.0
2025-06-18 11:21:44.227949,251.91,1004752.0,2784843.0
2025-06-18 11:21:45.244386,251.93,1004752.0,2784843.0
2025-06-18 11:21:46.240040,251.91,1004752.0,2784843.0
2025-06-18 11:21:47.702663,251.91,1010259.0,2772938.0
2025-06-18 11:21:48.230685,251.92,1010259.0,2772938.0
2025-06-18 11:21:49.053565,251.92,1010259.0,2772938.0
2025-06-18 11:21:49.228603,251.93,1010259.0,2772938.0
2025-06-18 11:21:50.218328,251.93,1010259.0,2772938.0
2025-06-18 11:21:50.230365,251.97,1010259.0,2772938.0
2025-06-18 11:21:51.064080,251.97,1010259.0,2772938.0
2025-06-18 11:21:51.257479,251.94,1010259.0,2772938.0
2025-06-18 11:21:52.587069,251.94,1010259.0,2772938.0
2025-06-18 11:21:52.644658,251.97,1010259.0,2772938.0
2025-06-18 11:21:52.707767,251.97,1013341.0,2767183.0
2025-06-18 11:21:52.852787,251.97,1013341.0,2767183.0
2025-06-18 11:21:53.658233,251.97,1013341.0,2767183.0
2025-06-18 11:21:54.228168,251.94,1013341.0,2767183.0
2025-06-18 11:21:54.667054,251.94,1013341.0,2767183.0
2025-06-18 11:21:55.224225,251.94,1013341.0,2767183.0
2025-06-18 11:21:55.245191,251.91,1013341.0,2767183.0
2025-06-18 11:21:55.647444,251.91,1013341.0,2767183.0
2025-06-18 11:21:56.125175,251.91,1013341.0,2767183.0
2025-06-18 11:21:56.224351,251.91,1013341.0,2767183.0
2025-06-18 11:21:56.485373,251.91,1013341.0,2767183.0
2025-06-18 11:21:57.239231,251.88,1013341.0,2767183.0
2025-06-18 11:21:57.365747,251.88,1013341.0,2767183.0
2025-06-18 11:21:57.814423,251.86,1004929.0,2777572.0
2025-06-18 11:21:58.232709,251.85,1004929.0,2777572.0
2025-06-18 11:21:58.703466,251.85,1004929.0,2777572.0
2025-06-18 11:21:59.261270,251.87,1004929.0,2777572.0
2025-06-18 11:21:59.522274,251.87,1004929.0,2777572.0
2025-06-18 11:22:00.228778,251.9,1004929.0,2777572.0
2025-06-18 11:22:00.887380,251.9,1004929.0,2777572.0
2025-06-18 11:22:01.230506,251.9,1004929.0,2777572.0
2025-06-18 11:22:02.025309,251.9,1004929.0,2777572.0
2025-06-18 11:22:02.219946,252.02,1004929.0,2777572.0
2025-06-18 11:22:02.224381,252.02,1015018.0,2759133.0
2025-06-18 11:22:03.223109,252.0,1015018.0,2759133.0
2025-06-18 11:22:03.229132,252.0,1017677.0,2762224.0
2025-06-18 11:22:03.402280,252.0,1017677.0,2762224.0
2025-06-18 11:22:05.191066,252.0,1017232.0,2765869.0
2025-06-18 11:22:05.226857,252.0,1017232.0,2765869.0
2025-06-18 11:22:05.414602,252.0,1014248.0,2764260.0
2025-06-18 11:22:06.220441,251.9,1014248.0,2764260.0
2025-06-18 11:22:06.518178,251.91,1034878.0,2766079.0
2025-06-18 11:22:07.219583,251.91,1034878.0,2766079.0
2025-06-18 11:22:07.656127,251.91,1034780.0,2767118.0
2025-06-18 11:22:08.654217,251.91,1035271.0,2767426.0
2025-06-18 11:22:09.632547,251.91,1034368.0,2767852.0
2025-06-18 11:22:10.217179,251.91,1034368.0,2767852.0
2025-06-18 11:22:10.646369,251.91,1034894.0,2767826.0
2025-06-18 11:22:11.301734,251.92,1034894.0,2767826.0
2025-06-18 11:22:11.635535,251.9,1030057.0,2770555.0
2025-06-18 11:22:12.218835,251.9,1030057.0,2770555.0
2025-06-18 11:22:12.717790,251.9,1024909.0,2775992.0
2025-06-18 11:22:13.720002,251.9,1027649.0,2768846.0
2025-06-18 11:22:14.219077,251.92,1027649.0,2768846.0
2025-06-18 11:22:14.722506,251.91,1034317.0,2772326.0
2025-06-18 11:22:15.219808,251.91,1034317.0,2772326.0
2025-06-18 11:22:15.921609,251.92,1035108.0,2770636.0
2025-06-18 11:22:16.223607,251.92,1035108.0,2770636.0
2025-06-18 11:22:16.925382,251.92,1034888.0,2772683.0
2025-06-18 11:22:17.218145,251.88,1034888.0,2772683.0
2025-06-18 11:22:17.929343,251.89,1027040.0,2774946.0
2025-06-18 11:22:18.219065,251.89,1027040.0,2774946.0
2025-06-18 11:22:18.929315,251.89,1027635.0,2776838.0
2025-06-18 11:22:19.933853,251.89,1028259.0,2774777.0
2025-06-18 11:22:20.218022,251.91,1028259.0,2774777.0
2025-06-18 11:22:20.930475,251.93,1032392.0,2771432.0
2025-06-18 11:22:21.217565,251.93,1032392.0,2771432.0
2025-06-18 11:22:21.929135,251.93,1032276.0,2771546.0
2025-06-18 11:22:22.248245,251.95,1032276.0,2771546.0
2025-06-18 11:22:22.932587,251.95,1032750.0,2769177.0
2025-06-18 11:22:23.220869,251.95,1032750.0,2769177.0
2025-06-18 11:22:23.829813,251.95,1031882.0,2772145.0
2025-06-18 11:22:24.829516,251.95,1031981.0,2769773.0
2025-06-18 11:22:25.930985,251.95,1032390.0,2768480.0
2025-06-18 11:22:26.229456,251.95,1032390.0,2768480.0
2025-06-18 11:22:27.031850,251.93,1031513.0,2770887.0
2025-06-18 11:22:27.266447,251.93,1031513.0,2770887.0
2025-06-18 11:22:28.031089,251.92,1041938.0,2760901.0
2025-06-18 11:22:28.244020,251.92,1041938.0,2760901.0
2025-06-18 11:22:29.219328,251.93,1041938.0,2760901.0
2025-06-18 11:22:29.534285,251.95,1050276.0,2757755.0
2025-06-18 11:22:30.219614,251.95,1050276.0,2757755.0
2025-06-18 11:22:30.856417,251.95,1051235.0,2756002.0
2025-06-18 11:22:31.219360,251.95,1051235.0,2756002.0
2025-06-18 11:22:31.733256,251.95,1051434.0,2756549.0
2025-06-18 11:22:32.832069,251.95,1053496.0,2754872.0
2025-06-18 11:22:33.832387,251.95,1052852.0,2755664.0
2025-06-18 11:22:34.931990,251.95,1053743.0,2755664.0
2025-06-18 11:22:35.932572,252.0,1054746.0,2756131.0
2025-06-18 11:22:36.219385,252.0,1054746.0,2756131.0
2025-06-18 11:22:36.934697,251.96,1053799.0,2756247.0
2025-06-18 11:22:37.218540,251.95,1053799.0,2756247.0
2025-06-18 11:22:37.934508,251.95,1046038.0,2757381.0
2025-06-18 11:22:38.253089,251.96,1046038.0,2757381.0
2025-06-18 11:22:38.937797,251.96,1045529.0,2757961.0
2025-06-18 11:22:39.226487,251.96,1045529.0,2757961.0
2025-06-18 11:22:39.935286,251.95,1045643.0,2757369.0
2025-06-18 11:22:40.222537,251.95,1045643.0,2757369.0
2025-06-18 11:22:40.938030,251.96,1045512.0,2758209.0
2025-06-18 11:22:41.223173,251.95,1045512.0,2758209.0
2025-06-18 11:22:41.938746,251.95,1045519.0,2758209.0
2025-06-18 11:22:42.219840,251.95,1045519.0,2758209.0
2025-06-18 11:22:42.938743,251.95,1048186.0,2758561.0
2025-06-18 11:22:43.219618,251.95,1048186.0,2758561.0
2025-06-18 11:22:43.939636,251.95,1049490.0,2757874.0
2025-06-18 11:22:45.129973,251.95,1049490.0,2757874.0
2025-06-18 11:22:45.189214,251.95,1051277.0,2757537.0
2025-06-18 11:22:45.244498,251.95,1051277.0,2757537.0
2025-06-18 11:22:45.942720,252.0,1063451.0,2756567.0
2025-06-18 11:22:46.228222,252.0,1063451.0,2756567.0
2025-06-18 11:22:46.940813,252.0,1063575.0,2756605.0
2025-06-18 11:22:47.220396,252.0,1063575.0,2756605.0
2025-06-18 11:22:48.049140,251.96,1064824.0,2756538.0
2025-06-18 11:22:48.228699,251.96,1064824.0,2756538.0
2025-06-18 11:22:49.076889,251.96,1064614.0,2756822.0
2025-06-18 11:22:49.943332,251.96,1065232.0,2756947.0
2025-06-18 11:22:50.226465,251.98,1065232.0,2756947.0
2025-06-18 11:22:50.946809,251.98,1065093.0,2757244.0
2025-06-18 11:22:51.218411,251.98,1065093.0,2757244.0
2025-06-18 11:22:51.949106,251.97,1065066.0,2757451.0
2025-06-18 11:22:52.254513,251.96,1065066.0,2757451.0
2025-06-18 11:22:52.948764,251.96,1062429.0,2757451.0
2025-06-18 11:22:53.951310,251.96,1062931.0,2757451.0
2025-06-18 11:22:54.227722,251.97,1062931.0,2757451.0
2025-06-18 11:22:55.051970,251.98,1064137.0,2757687.0
2025-06-18 11:22:55.219201,251.98,1064137.0,2757687.0
2025-06-18 11:22:56.192714,251.97,1064518.0,2757687.0
2025-06-18 11:22:56.216780,251.97,1064518.0,2757687.0
2025-06-18 11:22:57.205309,251.96,1063606.0,2757406.0
2025-06-18 11:22:57.220606,251.96,1063606.0,2757406.0
2025-06-18 11:22:58.226227,251.96,1063606.0,2757406.0
2025-06-18 11:22:58.257816,251.96,1064015.0,2756525.0
2025-06-18 11:22:59.235413,251.96,1064015.0,2756525.0
2025-06-18 11:22:59.264661,251.96,1063694.0,2756515.0
2025-06-18 11:23:00.235526,251.97,1063694.0,2756515.0
2025-06-18 11:23:00.257061,251.97,1064013.0,2756082.0
2025-06-18 11:23:01.263646,251.97,1064013.0,2756082.0
2025-06-18 11:23:02.247707,251.97,1064013.0,2756082.0
2025-06-18 11:23:02.682251,251.97,1065265.0,2756553.0
2025-06-18 11:23:06.240906,251.98,1065265.0,2756553.0
2025-06-18 11:23:07.234412,251.97,1065265.0,2756553.0
2025-06-18 11:23:07.560460,251.97,1058473.0,2758732.0
2025-06-18 11:23:09.229305,251.98,1058473.0,2758732.0
2025-06-18 11:23:11.237810,251.98,1058473.0,2758732.0
2025-06-18 11:23:12.579254,252.0,1058473.0,2758732.0
2025-06-18 11:23:12.608046,251.98,1058194.0,2757977.0
2025-06-18 11:23:13.244916,251.98,1058194.0,2757977.0
2025-06-18 11:23:14.241398,251.99,1058194.0,2757977.0
2025-06-18 11:23:16.228423,251.99,1058194.0,2757977.0
2025-06-18 11:23:17.559624,251.99,1050821.0,2761332.0
2025-06-18 11:23:19.231318,252.0,1050821.0,2761332.0
2025-06-18 11:23:21.234084,251.99,1050821.0,2761332.0
2025-06-18 11:23:23.171405,251.99,1048198.0,2762280.0
2025-06-18 11:23:24.267050,251.99,1048198.0,2762280.0
2025-06-18 11:23:26.223170,251.99,1048198.0,2762280.0
2025-06-18 11:23:28.236701,251.99,1048198.0,2762280.0
2025-06-18 11:23:28.470808,251.99,1052734.0,2761148.0
2025-06-18 11:23:30.227298,251.99,1052734.0,2761148.0
2025-06-18 11:23:32.244454,251.99,1052734.0,2761148.0
2025-06-18 11:23:33.773181,252.0,1052908.0,2759800.0
2025-06-18 11:23:34.229628,252.0,1052908.0,2759800.0
2025-06-18 11:23:36.241132,251.99,1052908.0,2759800.0
2025-06-18 11:23:38.233488,251.99,1052908.0,2759800.0
2025-06-18 11:23:38.878554,251.98,1052727.0,2757922.0
2025-06-18 11:23:40.230153,251.98,1052727.0,2757922.0
2025-06-18 11:23:42.235004,251.97,1052727.0,2757922.0
2025-06-18 11:23:43.787523,251.97,1054568.0,2757967.0
2025-06-18 11:23:44.252840,251.97,1054568.0,2757967.0
2025-06-18 11:23:46.238058,251.96,1054568.0,2757967.0
2025-06-18 11:23:49.299610,251.96,1054568.0,2757967.0
2025-06-18 11:23:49.343811,251.96,1054854.0,2759399.0
2025-06-18 11:23:50.233034,251.96,1054854.0,2759399.0
2025-06-18 11:23:52.236706,251.96,1054854.0,2759399.0
2025-06-18 11:23:53.386330,251.96,1051734.0,2759640.0
2025-06-18 11:23:54.239504,251.97,1051734.0,2759640.0
2025-06-18 11:23:56.240045,251.97,1051734.0,2759640.0
2025-06-18 11:23:58.200851,251.94,1049804.0,2768292.0
2025-06-18 11:23:58.256190,251.94,1049804.0,2768292.0
2025-06-18 11:24:00.234204,251.91,1049804.0,2768292.0
2025-06-18 11:24:02.240629,252.0,1049804.0,2768292.0
2025-06-18 11:24:03.291448,252.0,1052741.0,2762095.0
2025-06-18 11:24:04.243205,252.0,1052741.0,2762095.0
2025-06-18 11:24:06.272742,252.0,1052741.0,2762095.0
2025-06-18 11:24:08.231350,252.0,1052741.0,2762095.0
2025-06-18 11:24:08.292483,252.0,1055399.0,2761407.0
2025-06-18 11:24:10.235575,251.97,1055399.0,2761407.0
2025-06-18 11:24:12.248467,252.0,1055399.0,2761407.0
2025-06-18 11:24:13.207348,252.0,1056501.0,2760976.0
2025-06-18 11:24:14.240289,251.97,1056501.0,2760976.0
2025-06-18 11:24:17.285801,251.96,1056501.0,2760976.0
2025-06-18 11:24:18.097199,251.96,1050482.0,2766618.0
2025-06-18 11:24:18.232527,251.96,1050482.0,2766618.0
2025-06-18 11:24:20.240852,251.98,1050482.0,2766618.0
2025-06-18 11:24:22.236014,251.94,1050482.0,2766618.0
2025-06-18 11:24:23.002014,251.94,1054088.0,2761734.0
2025-06-18 11:24:24.242390,251.97,1054088.0,2761734.0
2025-06-18 11:24:26.235859,251.97,1054088.0,2761734.0
2025-06-18 11:24:28.234298,251.99,1054088.0,2761734.0
2025-06-18 11:24:28.401401,251.99,1054860.0,2761245.0
2025-06-18 11:24:30.237656,251.96,1054860.0,2761245.0
2025-06-18 11:24:32.242888,251.97,1054860.0,2761245.0
2025-06-18 11:24:33.309745,251.96,1054693.0,2763049.0
2025-06-18 11:24:34.237601,251.96,1054693.0,2763049.0
2025-06-18 11:24:36.231273,251.96,1054693.0,2763049.0
2025-06-18 11:24:38.216252,251.92,1053102.0,2761923.0
2025-06-18 11:24:38.250013,251.92,1053102.0,2761923.0
2025-06-18 11:24:40.235256,251.91,1053102.0,2761923.0
2025-06-18 11:24:42.236195,251.92,1053102.0,2761923.0
2025-06-18 11:24:42.913134,251.91,1053341.0,2759123.0
2025-06-18 11:24:44.236596,251.94,1053341.0,2759123.0
2025-06-18 11:24:46.230729,251.93,1053341.0,2759123.0
2025-06-18 11:24:48.111802,251.94,1049956.0,2760133.0
2025-06-18 11:24:48.230874,251.91,1049956.0,2760133.0
2025-06-18 11:24:49.532294,251.91,1049956.0,2760133.0
2025-06-18 11:24:50.261253,251.91,1049956.0,2760133.0
2025-06-18 11:24:50.574272,251.91,1049956.0,2760133.0
2025-06-18 11:24:51.484612,251.91,1049956.0,2760133.0
2025-06-18 11:24:52.234519,251.94,1049956.0,2760133.0
2025-06-18 11:24:52.412061,251.94,1049956.0,2760133.0
2025-06-18 11:24:53.119135,251.92,1052934.0,2760142.0
2025-06-18 11:24:53.277006,251.92,1052934.0,2760142.0
2025-06-18 11:24:54.049263,251.92,1052934.0,2760142.0
2025-06-18 11:24:54.232990,251.92,1052934.0,2760142.0
2025-06-18 11:24:55.070005,251.92,1052934.0,2760142.0
2025-06-18 11:24:56.056827,251.92,1052934.0,2760142.0
2025-06-18 11:24:56.230623,251.93,1052934.0,2760142.0
2025-06-18 11:24:56.531149,251.93,1052934.0,2760142.0
2025-06-18 11:24:57.789299,251.93,1052934.0,2760142.0
2025-06-18 11:24:58.019977,252.05,1066531.0,2745673.0
2025-06-18 11:24:58.232218,252.05,1066531.0,2745673.0
2025-06-18 11:24:59.035018,252.05,1066531.0,2745673.0
2025-06-18 11:25:00.232074,252.07,1066531.0,2745673.0
2025-06-18 11:25:01.290490,252.07,1066531.0,2745673.0
2025-06-18 11:25:02.246867,252.05,1066531.0,2745673.0
2025-06-18 11:25:02.421001,252.05,1066531.0,2745673.0
2025-06-18 11:25:02.727344,252.05,1076078.0,2741109.0
2025-06-18 11:25:03.559546,252.05,1076078.0,2741109.0
2025-06-18 11:25:04.233177,252.05,1076078.0,2741109.0
2025-06-18 11:25:05.024748,252.05,1076078.0,2741109.0
2025-06-18 11:25:06.231246,252.08,1076078.0,2741109.0
2025-06-18 11:25:08.032183,252.05,1063715.0,2745158.0
2025-06-18 11:25:08.236687,252.05,1063715.0,2745158.0
2025-06-18 11:25:10.229780,252.05,1063715.0,2745158.0
2025-06-18 11:25:12.231515,252.07,1063715.0,2745158.0
2025-06-18 11:25:13.633505,252.05,1062752.0,2743975.0
2025-06-18 11:25:14.238611,252.0,1062752.0,2743975.0
2025-06-18 11:25:16.231799,252.0,1062752.0,2743975.0
2025-06-18 11:25:18.234639,251.99,1062752.0,2743975.0
2025-06-18 11:25:19.033436,251.99,1062256.0,2746597.0
2025-06-18 11:25:20.234025,251.99,1062256.0,2746597.0
2025-06-18 11:25:22.233133,252.0,1062256.0,2746597.0
2025-06-18 11:25:24.243929,251.97,1062256.0,2746597.0
2025-06-18 11:25:24.247172,251.97,1068931.0,2750130.0
2025-06-18 11:25:26.233549,251.98,1068931.0,2750130.0
2025-06-18 11:25:28.236207,251.99,1068931.0,2750130.0
2025-06-18 11:25:29.258957,251.99,1068958.0,2750203.0
2025-06-18 11:25:30.294024,251.99,1068958.0,2750203.0
2025-06-18 11:25:32.240808,252.0,1068958.0,2750203.0
2025-06-18 11:25:34.153104,252.0,1065127.0,2752610.0
2025-06-18 11:25:34.236777,252.0,1065127.0,2752610.0
2025-06-18 11:25:36.236708,251.99,1065127.0,2752610.0
2025-06-18 11:25:39.900360,251.91,1065127.0,2752610.0
2025-06-18 11:25:39.905243,251.92,1056841.0,2755197.0
2025-06-18 11:25:40.229862,251.91,1056841.0,2755197.0
2025-06-18 11:25:42.231888,251.99,1056841.0,2755197.0
2025-06-18 11:25:43.750058,251.92,1057107.0,2753340.0
2025-06-18 11:25:44.231868,251.91,1057107.0,2753340.0
2025-06-18 11:25:46.243238,251.91,1057107.0,2753340.0
2025-06-18 11:25:48.241159,251.93,1057107.0,2753340.0
2025-06-18 11:25:48.850513,251.92,1045690.0,2757469.0
2025-06-18 11:25:49.260236,251.92,1045690.0,2757469.0
2025-06-18 11:25:54.053209,251.91,1050733.0,2752740.0
2025-06-18 11:25:54.231367,251.91,1050733.0,2752740.0
2025-06-18 11:25:56.226557,251.92,1050733.0,2752740.0
2025-06-18 11:25:58.240670,251.88,1050733.0,2752740.0
2025-06-18 11:25:59.351819,251.87,1047814.0,2744652.0
2025-06-18 11:26:00.233084,251.9,1047814.0,2744652.0
2025-06-18 11:26:02.243248,251.92,1047814.0,2744652.0
2025-06-18 11:26:04.233397,251.94,1047814.0,2744652.0
2025-06-18 11:26:04.556262,251.94,1048818.0,2733447.0
2025-06-18 11:26:06.240085,251.91,1048818.0,2733447.0
2025-06-18 11:26:08.250509,251.97,1048818.0,2733447.0
2025-06-18 11:26:09.671159,251.87,1047115.0,2743339.0
2025-06-18 11:26:10.260978,251.87,1047115.0,2743339.0
2025-06-18 11:26:12.246543,251.85,1047115.0,2743339.0
2025-06-18 11:26:14.231216,251.92,1047115.0,2743339.0
2025-06-18 11:26:14.462673,251.92,1051562.0,2741164.0
2025-06-18 11:26:16.263367,251.92,1051562.0,2741164.0
2025-06-18 11:26:18.246290,251.85,1051562.0,2741164.0
2025-06-18 11:26:19.367895,251.86,1043953.0,2748600.0
2025-06-18 11:26:20.450245,251.86,1043953.0,2748600.0
2025-06-18 11:26:24.197551,251.86,1049196.0,2742477.0
2025-06-18 11:26:24.235619,251.86,1049196.0,2742477.0
2025-06-18 11:26:26.256015,251.85,1049196.0,2742477.0
2025-06-18 11:26:28.238815,251.85,1049196.0,2742477.0
2025-06-18 11:26:29.071166,251.85,1051536.0,2742715.0
2025-06-18 11:26:30.244388,251.87,1051536.0,2742715.0
2025-06-18 11:26:32.235535,251.86,1051536.0,2742715.0
2025-06-18 11:26:34.074406,251.87,1053359.0,2743992.0
2025-06-18 11:26:34.244928,251.87,1053359.0,2743992.0
2025-06-18 11:26:36.246335,251.86,1053359.0,2743992.0
2025-06-18 11:26:38.246415,251.86,1053359.0,2743992.0
2025-06-18 11:26:38.778677,251.86,1055665.0,2742612.0
2025-06-18 11:26:40.250832,251.92,1055665.0,2742612.0
2025-06-18 11:26:42.245344,251.94,1055665.0,2742612.0
2025-06-18 11:26:44.251961,251.92,1061960.0,2740185.0
2025-06-18 11:26:44.263853,251.92,1061960.0,2740185.0
2025-06-18 11:26:48.234195,251.88,1061960.0,2740185.0
2025-06-18 11:26:49.195112,251.9,1057153.0,2742318.0
2025-06-18 11:26:50.236660,251.91,1057153.0,2742318.0
2025-06-18 11:26:52.244926,251.93,1057153.0,2742318.0
2025-06-18 11:26:54.220994,251.91,1061246.0,2741985.0
2025-06-18 11:26:54.261271,251.91,1061246.0,2741985.0
2025-06-18 11:26:56.236791,251.91,1061246.0,2741985.0
2025-06-18 11:26:58.253574,251.9,1061246.0,2741985.0
2025-06-18 11:26:59.291184,251.91,1058362.0,2743564.0
2025-06-18 11:27:00.248817,251.9,1058362.0,2743564.0
2025-06-18 11:27:02.239613,251.91,1058362.0,2743564.0
2025-06-18 11:27:04.283141,251.91,1058362.0,2743564.0
2025-06-18 11:27:04.397423,251.95,1061981.0,2741284.0
2025-06-18 11:27:06.270430,252.0,1061981.0,2741284.0
2025-06-18 11:27:09.302395,251.9,1060825.0,2741874.0
2025-06-18 11:27:10.248317,251.9,1060825.0,2741874.0
2025-06-18 11:27:12.236766,251.93,1060825.0,2741874.0
2025-06-18 11:27:14.257826,251.94,1060825.0,2741874.0
2025-06-18 11:27:14.302781,251.94,1062645.0,2741403.0
2025-06-18 11:27:16.255105,251.98,1062645.0,2741403.0
2025-06-18 11:27:18.279549,251.95,1062645.0,2741403.0
2025-06-18 11:27:20.438465,251.96,1063272.0,2742653.0
2025-06-18 11:27:20.519956,251.93,1063272.0,2742653.0
2025-06-18 11:27:22.260297,251.97,1063272.0,2742653.0
2025-06-18 11:27:24.111425,251.97,1063994.0,2743626.0
2025-06-18 11:27:24.307613,251.97,1063994.0,2743626.0
2025-06-18 11:27:26.278216,251.97,1063994.0,2743626.0
2025-06-18 11:27:28.278234,251.93,1063994.0,2743626.0
2025-06-18 11:27:29.014478,251.95,1062804.0,2739669.0
2025-06-18 11:27:30.286516,251.97,1062804.0,2739669.0
2025-06-18 11:27:32.272643,251.97,1062804.0,2739669.0
2025-06-18 11:27:34.213376,251.97,1061111.0,2743130.0
2025-06-18 11:27:34.248252,251.97,1061111.0,2743130.0
2025-06-18 11:27:36.242974,251.97,1061111.0,2743130.0
2025-06-18 11:27:38.249294,251.93,1061111.0,2743130.0
2025-06-18 11:27:39.415205,251.95,1060840.0,2743647.0
2025-06-18 11:27:40.243291,251.95,1060840.0,2743647.0
2025-06-18 11:27:42.249960,251.94,1060840.0,2743647.0
2025-06-18 11:27:44.244288,251.93,1060840.0,2743647.0
2025-06-18 11:27:44.720631,251.93,1061118.0,2742596.0
2025-06-18 11:27:46.243327,251.93,1061118.0,2742596.0
2025-06-18 11:27:48.241082,251.94,1061118.0,2742596.0
2025-06-18 11:27:49.920932,251.94,1061118.0,2742596.0
2025-06-18 11:27:50.244765,251.94,1061118.0,2742596.0
2025-06-18 11:27:51.007011,251.94,1061118.0,2742596.0
2025-06-18 11:27:51.036770,251.92,1060497.0,2747410.0
2025-06-18 11:27:51.928764,251.92,1060497.0,2747410.0
2025-06-18 11:27:52.245283,251.92,1060497.0,2747410.0
2025-06-18 11:27:52.848173,251.92,1060497.0,2747410.0
2025-06-18 11:27:53.767095,251.92,1060497.0,2747410.0
2025-06-18 11:27:54.240207,251.92,1060497.0,2747410.0
2025-06-18 11:27:54.493142,251.92,1060497.0,2747410.0
2025-06-18 11:27:55.507828,251.92,1060497.0,2747410.0
2025-06-18 11:27:56.069745,251.92,1060497.0,2747410.0
2025-06-18 11:27:56.242623,251.9,1060497.0,2747410.0
2025-06-18 11:27:56.424271,251.91,1058374.0,2751987.0
2025-06-18 11:27:56.474425,251.91,1058374.0,2751987.0
2025-06-18 11:27:57.343137,251.91,1058374.0,2751987.0
2025-06-18 11:27:58.259861,251.91,1058374.0,2751987.0
2025-06-18 11:27:58.269708,251.9,1058374.0,2751987.0
2025-06-18 11:27:59.460320,251.9,1058374.0,2751987.0
2025-06-18 11:28:00.255924,251.9,1058374.0,2751987.0
2025-06-18 11:28:00.326138,251.9,1058374.0,2751987.0
2025-06-18 11:28:01.225751,251.9,1058719.0,2751275.0
2025-06-18 11:28:01.728934,251.9,1058719.0,2751275.0
2025-06-18 11:28:02.240727,251.91,1058719.0,2751275.0
2025-06-18 11:28:02.859777,251.91,1058719.0,2751275.0
2025-06-18 11:28:03.975767,251.91,1058719.0,2751275.0
2025-06-18 11:28:04.241086,251.99,1058719.0,2751275.0
2025-06-18 11:28:05.611183,251.99,1058719.0,2751275.0
2025-06-18 11:28:05.933710,251.99,1057460.0,2750790.0
2025-06-18 11:28:10.445824,252.0,1057460.0,2750790.0
2025-06-18 11:28:10.737845,252.0,1070895.0,2741825.0
2025-06-18 11:28:14.246710,252.0,1070895.0,2741825.0
2025-06-18 11:28:15.534926,251.99,1074221.0,2740169.0
2025-06-18 11:28:16.241412,251.99,1074221.0,2740169.0
2025-06-18 11:28:18.239929,252.0,1074221.0,2740169.0
2025-06-18 11:28:20.247628,251.98,1074221.0,2740169.0
2025-06-18 11:28:20.742189,251.99,1076150.0,2732308.0
2025-06-18 11:28:22.706053,252.0,1076150.0,2732308.0
2025-06-18 11:28:24.244857,252.05,1076150.0,2732308.0
2025-06-18 11:28:26.144992,252.03,1082590.0,2725137.0
2025-06-18 11:28:26.259426,252.03,1082590.0,2725137.0
2025-06-18 11:28:28.243044,252.03,1082590.0,2725137.0
2025-06-18 11:28:30.242349,252.02,1082590.0,2725137.0
2025-06-18 11:28:31.248726,252.03,1072543.0,2728160.0
2025-06-18 11:28:32.244845,252.02,1072543.0,2728160.0
2025-06-18 11:28:34.260199,252.04,1072543.0,2728160.0
2025-06-18 11:28:36.151975,252.03,1073630.0,2722963.0
2025-06-18 11:28:36.248195,252.03,1073630.0,2722963.0
2025-06-18 11:28:38.249277,251.98,1073630.0,2722963.0
2025-06-18 11:28:40.248579,252.0,1073630.0,2722963.0
2025-06-18 11:28:41.054306,252.01,1073850.0,2732208.0
2025-06-18 11:28:42.247406,252.0,1073850.0,2732208.0
2025-06-18 11:28:44.238093,252.01,1073850.0,2732208.0
2025-06-18 11:28:46.164429,252.0,1077393.0,2726798.0
2025-06-18 11:28:46.245090,252.0,1077393.0,2726798.0
2025-06-18 11:28:48.244023,252.05,1077393.0,2726798.0
2025-06-18 11:28:51.172510,252.02,1075277.0,2733369.0
2025-06-18 11:28:52.246738,252.05,1075277.0,2733369.0
2025-06-18 11:28:54.242282,252.02,1075277.0,2733369.0
2025-06-18 11:28:55.963357,252.02,1076847.0,2731607.0
2025-06-18 11:28:56.245321,252.0,1076847.0,2731607.0
2025-06-18 11:28:58.409712,252.01,1076847.0,2731607.0
2025-06-18 11:29:00.404031,252.02,1076847.0,2731607.0
2025-06-18 11:29:00.688857,252.02,1073841.0,2733145.0
2025-06-18 11:29:01.280371,252.05,1073841.0,2733145.0
2025-06-18 11:29:04.254384,252.05,1073841.0,2733145.0
2025-06-18 11:29:05.366761,252.05,1073737.0,2733430.0
2025-06-18 11:29:06.256150,252.0,1073737.0,2733430.0
2025-06-18 11:29:08.254203,252.02,1073737.0,2733430.0
2025-06-18 11:29:10.248926,252.01,1073737.0,2733430.0
2025-06-18 11:29:10.367533,252.01,1074718.0,2734776.0
2025-06-18 11:29:14.270756,252.01,1074718.0,2734776.0
2025-06-18 11:29:15.682138,252.01,1074546.0,2735913.0
2025-06-18 11:29:16.246275,252.05,1074546.0,2735913.0
2025-06-18 11:29:18.251394,252.0,1074546.0,2735913.0
2025-06-18 11:29:20.247611,252.0,1074546.0,2735913.0
2025-06-18 11:29:21.076742,252.0,1074311.0,2736640.0
2025-06-18 11:29:22.254864,252.01,1074311.0,2736640.0
2025-06-18 11:29:26.247834,252.01,1074311.0,2736640.0
2025-06-18 11:29:26.381478,252.01,1077809.0,2736539.0
2025-06-18 11:29:28.760616,252.01,1077809.0,2736539.0
2025-06-18 11:29:30.247070,252.02,1077809.0,2736539.0
2025-06-18 11:29:31.583240,252.02,1080353.0,2735916.0
2025-06-18 11:29:32.421837,252.02,1080353.0,2735916.0
2025-06-18 11:29:34.249938,252.01,1080353.0,2735916.0
2025-06-18 11:29:36.248861,252.02,1080353.0,2735916.0
2025-06-18 11:29:37.089146,252.0,1074380.0,2732912.0
2025-06-18 11:29:38.249092,252.0,1074380.0,2732912.0
2025-06-18 11:29:40.247846,252.02,1074380.0,2732912.0
2025-06-18 11:29:42.250085,252.03,1074380.0,2732912.0
2025-06-18 11:29:42.290065,252.03,1072726.0,2733186.0
2025-06-18 11:29:44.249568,252.02,1072726.0,2733186.0
2025-06-18 11:29:46.246830,252.03,1072726.0,2733186.0
2025-06-18 11:29:47.293217,252.0,1066030.0,2741529.0
2025-06-18 11:29:48.260181,252.02,1066030.0,2741529.0
2025-06-18 11:29:50.251555,252.02,1066030.0,2741529.0
2025-06-18 11:29:51.897358,252.01,1065110.0,2741619.0
2025-06-18 11:29:52.251117,252.02,1065110.0,2741619.0
2025-06-18 11:29:54.251814,251.95,1065110.0,2741619.0
2025-06-18 11:29:56.250159,251.94,1065110.0,2741619.0
2025-06-18 11:29:57.107164,251.95,1049820.0,2750173.0
2025-06-18 11:29:58.297971,251.9,1049820.0,2750173.0
2025-06-18 11:30:00.247464,251.91,1049820.0,2750173.0
2025-06-18 11:30:02.219276,251.91,1050361.0,2755544.0
2025-06-18 11:30:02.248954,251.91,1050361.0,2755544.0
2025-06-18 11:30:04.257502,251.9,1050361.0,2755544.0
2025-06-18 11:30:07.511574,251.95,1049075.0,2753739.0
2025-06-18 11:30:08.270909,251.86,1049075.0,2753739.0
2025-06-18 11:30:11.251132,251.86,1049075.0,2753739.0
2025-06-18 11:30:13.011279,251.88,1030543.0,2769985.0
2025-06-18 11:30:14.262262,251.88,1030543.0,2769985.0
2025-06-18 11:30:17.252909,251.88,1030543.0,2769985.0
2025-06-18 11:30:18.416428,251.85,1026722.0,2773341.0
2025-06-18 11:30:20.248936,251.86,1026722.0,2773341.0
2025-06-18 11:30:23.252580,251.88,1026722.0,2773341.0
2025-06-18 11:30:23.918450,251.88,1035895.0,2764992.0
2025-06-18 11:30:25.278453,251.87,1035895.0,2764992.0
2025-06-18 11:30:28.256526,251.87,1035895.0,2764992.0
2025-06-18 11:30:29.427092,251.87,1043556.0,2759847.0
2025-06-18 11:30:30.255633,251.87,1043556.0,2759847.0
2025-06-18 11:30:32.253074,251.87,1043556.0,2759847.0
2025-06-18 11:30:34.251264,251.87,1043556.0,2759847.0
2025-06-18 11:30:34.521358,251.87,1044215.0,2757728.0
2025-06-18 11:30:37.273601,251.88,1044215.0,2757728.0
2025-06-18 11:30:38.263057,251.87,1044215.0,2757728.0
2025-06-18 11:30:39.734829,251.93,1041974.0,2758889.0
2025-06-18 11:30:40.265627,251.93,1041974.0,2758889.0
2025-06-18 11:30:42.265695,251.88,1041974.0,2758889.0
2025-06-18 11:30:44.254973,251.94,1041974.0,2758889.0
2025-06-18 11:30:45.264664,251.91,1047523.0,2756441.0
2025-06-18 11:30:46.282734,251.91,1047523.0,2756441.0
2025-06-18 11:30:48.263798,251.99,1047523.0,2756441.0
2025-06-18 11:30:50.342868,251.99,1047523.0,2756441.0
2025-06-18 11:30:50.435845,251.99,1050959.0,2754812.0
2025-06-18 11:30:51.434184,251.99,1050959.0,2754812.0
2025-06-18 11:30:52.356465,251.99,1050959.0,2754812.0
2025-06-18 11:30:53.297192,251.99,1050959.0,2754812.0
2025-06-18 11:30:54.167141,251.99,1050959.0,2754812.0
2025-06-18 11:30:54.258883,251.94,1050959.0,2754812.0
2025-06-18 11:30:54.940185,251.94,1050959.0,2754812.0
2025-06-18 11:30:55.539734,251.9,1047453.0,2757637.0
2025-06-18 11:30:55.983386,251.9,1047453.0,2757637.0
2025-06-18 11:30:56.265818,251.9,1047453.0,2757637.0
2025-06-18 11:30:56.556589,251.9,1047453.0,2757637.0
2025-06-18 11:30:57.456076,251.9,1047453.0,2757637.0
2025-06-18 11:30:58.256856,251.88,1047453.0,2757637.0
2025-06-18 11:30:58.715320,251.88,1047453.0,2757637.0
2025-06-18 11:30:59.961396,251.88,1047453.0,2757637.0
2025-06-18 11:31:00.293342,251.87,1047453.0,2757637.0
2025-06-18 11:31:00.647554,251.86,1044137.0,2756905.0
2025-06-18 11:31:00.832770,251.86,1044137.0,2756905.0
2025-06-18 11:31:02.256398,251.86,1044137.0,2756905.0
2025-06-18 11:31:02.296808,251.91,1044137.0,2756905.0
2025-06-18 11:31:03.362011,251.91,1044137.0,2756905.0
2025-06-18 11:31:04.264649,251.9,1044137.0,2756905.0
2025-06-18 11:31:04.496436,251.9,1044137.0,2756905.0
2025-06-18 11:31:05.345902,251.88,1046699.0,2756809.0
2025-06-18 11:31:05.972307,251.88,1046699.0,2756809.0
2025-06-18 11:31:06.294550,251.86,1046699.0,2756809.0
2025-06-18 11:31:08.263106,251.9,1046699.0,2756809.0
2025-06-18 11:31:10.256969,251.88,1046699.0,2756809.0
2025-06-18 11:31:10.450999,251.88,1047156.0,2757549.0
2025-06-18 11:31:12.255756,251.94,1047156.0,2757549.0
2025-06-18 11:31:14.264611,251.87,1047156.0,2757549.0
2025-06-18 11:31:15.561631,251.89,1046570.0,2755746.0
2025-06-18 11:31:16.266534,251.89,1046570.0,2755746.0
2025-06-18 11:31:18.268275,251.88,1046570.0,2755746.0
2025-06-18 11:31:20.763945,251.88,1043575.0,2757513.0
2025-06-18 11:31:22.257877,251.86,1043575.0,2757513.0
2025-06-18 11:31:24.264831,251.84,1043575.0,2757513.0
2025-06-18 11:31:26.259429,251.82,1043575.0,2757513.0
2025-06-18 11:31:26.363968,251.82,995635.0,2776124.0
2025-06-18 11:31:28.264389,251.83,995635.0,2776124.0
2025-06-18 11:31:30.283291,251.85,995635.0,2776124.0
2025-06-18 11:31:31.771146,251.82,1001262.0,2771238.0
2025-06-18 11:31:32.270655,251.83,1001262.0,2771238.0
2025-06-18 11:31:34.267711,251.87,1001262.0,2771238.0
2025-06-18 11:31:36.260406,251.83,1001262.0,2771238.0
2025-06-18 11:31:36.874504,251.83,1005437.0,2771003.0
2025-06-18 11:31:38.264803,251.85,1005437.0,2771003.0
2025-06-18 11:31:40.261432,251.88,1005437.0,2771003.0
2025-06-18 11:31:41.986574,251.86,1008392.0,2768334.0
2025-06-18 11:31:42.284577,251.86,1008392.0,2768334.0
2025-06-18 11:31:44.258658,251.87,1008392.0,2768334.0
2025-06-18 11:31:46.275175,251.84,1008392.0,2768334.0
2025-06-18 11:31:47.190826,251.84,1005231.0,2769251.0
2025-06-18 11:31:52.202843,251.84,1005213.0,2768363.0
2025-06-18 11:31:54.307385,251.84,1005213.0,2768363.0
2025-06-18 11:31:56.416038,251.85,1005213.0,2768363.0
2025-06-18 11:31:57.407426,251.84,1001132.0,2769815.0
2025-06-18 11:31:58.274924,251.86,1001132.0,2769815.0
2025-06-18 11:32:00.290915,251.85,1001132.0,2769815.0
2025-06-18 11:32:02.003248,251.88,1001589.0,2768767.0
2025-06-18 11:32:02.271635,251.88,1001589.0,2768767.0
2025-06-18 11:32:04.296347,251.85,1001589.0,2768767.0
2025-06-18 11:32:07.281258,251.7,975389.0,2780791.0
2025-06-18 11:32:07.301079,251.7,975389.0,2780791.0
2025-06-18 11:32:11.261476,251.65,975389.0,2780791.0
2025-06-18 11:32:13.409411,251.68,965072.0,2782100.0
2025-06-18 11:32:16.270553,251.71,965072.0,2782100.0
2025-06-18 11:32:19.011450,251.6,971657.0,2785644.0
2025-06-18 11:32:19.285164,251.6,971657.0,2785644.0
2025-06-18 11:32:22.256811,251.66,971657.0,2785644.0
2025-06-18 11:32:24.729254,251.65,973465.0,2782418.0
2025-06-18 11:32:25.260283,251.65,973465.0,2782418.0
2025-06-18 11:32:28.262646,251.66,973465.0,2782418.0
2025-06-18 11:32:30.265408,251.73,973465.0,2782418.0
2025-06-18 11:32:30.323126,251.73,982385.0,2764729.0
2025-06-18 11:32:34.257906,251.77,982385.0,2764729.0
2025-06-18 11:32:36.125248,251.77,990837.0,2753846.0
2025-06-18 11:32:39.263946,251.9,990837.0,2753846.0
2025-06-18 11:32:42.032765,251.9,999675.0,2744637.0
2025-06-18 11:32:43.264097,251.9,999675.0,2744637.0
2025-06-18 11:32:46.309229,251.88,999675.0,2744637.0
2025-06-18 11:32:47.433029,251.93,995418.0,2748522.0
2025-06-18 11:32:49.274857,251.87,995418.0,2748522.0
2025-06-18 11:32:52.261230,251.79,995418.0,2748522.0
2025-06-18 11:32:52.636577,251.79,992787.0,2755286.0
2025-06-18 11:32:54.266416,251.91,992787.0,2755286.0
2025-06-18 11:32:57.838121,251.92,1007391.0,2738460.0
2025-06-18 11:32:58.262874,251.92,1007391.0,2738460.0
2025-06-18 11:33:00.274521,251.92,1007391.0,2738460.0
2025-06-18 11:33:01.836444,251.92,1009410.0,2740887.0
2025-06-18 11:33:02.260306,251.86,1009410.0,2740887.0
2025-06-18 11:33:02.837022,251.9,999802.0,2749418.0
2025-06-18 11:33:03.256735,251.86,999802.0,2749418.0
2025-06-18 11:33:03.937395,251.86,1003685.0,2746449.0
2025-06-18 11:33:05.039186,251.86,1004088.0,2746926.0
2025-06-18 11:33:05.267733,251.86,1004088.0,2746926.0
2025-06-18 11:33:06.142098,251.86,1002488.0,2748432.0
2025-06-18 11:33:07.141951,251.86,1001925.0,2750284.0
2025-06-18 11:33:08.141926,251.86,1001919.0,2750612.0
2025-06-18 11:33:08.257723,251.86,1001919.0,2750612.0
2025-06-18 11:33:09.142400,251.9,1001960.0,2748359.0
2025-06-18 11:33:09.262078,251.9,1001960.0,2748359.0
2025-06-18 11:33:10.144572,251.9,1003149.0,2748359.0
2025-06-18 11:33:11.249766,251.87,1005998.0,2747231.0
2025-06-18 11:33:11.260240,251.87,1005998.0,2747231.0
2025-06-18 11:33:12.264307,251.91,1005998.0,2747231.0
2025-06-18 11:33:12.343143,251.91,1006791.0,2747719.0
2025-06-18 11:33:13.444749,251.91,1006619.0,2747957.0
2025-06-18 11:33:14.258469,251.9,1006619.0,2747957.0
2025-06-18 11:33:14.545086,251.9,1006292.0,2747929.0
2025-06-18 11:33:15.265182,251.9,1006292.0,2747929.0
2025-06-18 11:33:15.545810,251.9,1006224.0,2747910.0
2025-06-18 11:33:16.265300,251.91,1006224.0,2747910.0
2025-06-18 11:33:16.648321,251.91,1008687.0,2745565.0
2025-06-18 11:33:17.270065,251.9,1008687.0,2745565.0
2025-06-18 11:33:17.748620,251.9,1002061.0,2748730.0
2025-06-18 11:33:18.261239,251.9,1002061.0,2748730.0
2025-06-18 11:33:18.748493,251.9,1003959.0,2746611.0
2025-06-18 11:33:19.265222,251.9,1003959.0,2746611.0
2025-06-18 11:33:19.749871,251.9,1004088.0,2746981.0
2025-06-18 11:33:20.265852,251.89,1004088.0,2746981.0
2025-06-18 11:33:20.747009,251.89,1004086.0,2747037.0
2025-06-18 11:33:21.271253,251.9,1004086.0,2747037.0
2025-06-18 11:33:21.847151,251.91,1004590.0,2746883.0
2025-06-18 11:33:22.259248,251.91,1004590.0,2746883.0
2025-06-18 11:33:22.846004,251.91,1003255.0,2751355.0
2025-06-18 11:33:23.272170,251.91,1003255.0,2751355.0
2025-06-18 11:33:23.846317,251.89,1004589.0,2745794.0
2025-06-18 11:33:24.262428,251.89,1004589.0,2745794.0
2025-06-18 11:33:24.947377,251.89,997366.0,2752184.0
2025-06-18 11:33:26.052019,251.87,991917.0,2748361.0
2025-06-18 11:33:26.270712,251.87,991917.0,2748361.0
2025-06-18 11:33:27.158080,251.8,990390.0,2760136.0
2025-06-18 11:33:27.276505,251.8,990390.0,2760136.0
2025-06-18 11:33:28.257670,251.74,992699.0,2757475.0
2025-06-18 11:33:28.275201,251.85,992699.0,2757475.0
2025-06-18 11:33:29.265552,251.74,992699.0,2757475.0
2025-06-18 11:33:29.349309,251.74,994154.0,2757134.0
2025-06-18 11:33:30.261657,251.74,1006353.0,2756816.0
2025-06-18 11:33:31.257755,251.74,1006712.0,2756803.0
2025-06-18 11:33:32.275602,251.76,1006712.0,2756803.0
2025-06-18 11:33:32.350867,251.76,1005867.0,2756917.0
2025-06-18 11:33:33.276725,251.85,1005867.0,2756917.0
2025-06-18 11:33:33.350277,251.85,1002817.0,2757788.0
2025-06-18 11:33:34.346851,251.85,1002817.0,2757788.0
2025-06-18 11:33:34.353791,251.85,1004099.0,2754606.0
2025-06-18 11:33:35.271935,251.83,1004099.0,2754606.0
2025-06-18 11:33:35.352150,251.83,1000111.0,2759499.0
2025-06-18 11:33:36.261886,251.79,1000111.0,2759499.0
2025-06-18 11:33:36.352492,251.79,991835.0,2764179.0
2025-06-18 11:33:37.350713,251.79,995461.0,2766029.0
2025-06-18 11:33:38.265594,251.74,995461.0,2766029.0
2025-06-18 11:33:38.358053,251.74,994175.0,2767431.0
2025-06-18 11:33:39.269657,251.74,994175.0,2767431.0
2025-06-18 11:33:39.455793,251.74,994345.0,2767086.0
2025-06-18 11:33:40.262619,251.74,994345.0,2767086.0
2025-06-18 11:33:40.665058,251.74,997793.0,2765459.0
2025-06-18 11:33:41.269312,251.74,997793.0,2765459.0
2025-06-18 11:33:41.760843,251.7,1004483.0,2764917.0
2025-06-18 11:33:42.265472,251.7,1004483.0,2764917.0
2025-06-18 11:33:42.665233,251.7,1001177.0,2765013.0
2025-06-18 11:33:43.264196,251.7,1001177.0,2765013.0
2025-06-18 11:33:43.660227,251.74,999362.0,2768592.0
2025-06-18 11:33:44.274397,251.74,999362.0,2768592.0
2025-06-18 11:33:44.662128,251.74,1003542.0,2764476.0
2025-06-18 11:33:45.266084,251.74,1003542.0,2764476.0
2025-06-18 11:33:45.760919,251.74,1001499.0,2768881.0
2025-06-18 11:33:46.274265,251.7,1001499.0,2768881.0
2025-06-18 11:33:46.861413,251.74,1000153.0,2767811.0
2025-06-18 11:33:47.279485,251.7,1000153.0,2767811.0
2025-06-18 11:33:47.962025,251.7,998768.0,2768381.0
2025-06-18 11:33:48.963363,251.74,998478.0,2769272.0
2025-06-18 11:33:49.267199,251.74,998478.0,2769272.0
2025-06-18 11:33:49.963808,251.66,989652.0,2768548.0
2025-06-18 11:33:50.276314,251.66,989652.0,2768548.0
2025-06-18 11:33:50.971265,251.65,995270.0,2768252.0
2025-06-18 11:33:51.118046,251.65,995270.0,2768252.0
2025-06-18 11:33:51.268726,251.65,995270.0,2768252.0
2025-06-18 11:33:51.968534,251.74,999026.0,2764616.0
2025-06-18 11:33:52.231369,251.74,999026.0,2764616.0
2025-06-18 11:33:52.268341,251.76,999026.0,2764616.0
2025-06-18 11:33:52.965327,251.74,997798.0,2768106.0
2025-06-18 11:33:53.189777,251.74,997798.0,2768106.0
2025-06-18 11:33:53.265123,251.74,997798.0,2768106.0
2025-06-18 11:33:53.965726,251.74,996743.0,2768894.0
2025-06-18 11:33:54.107352,251.74,996743.0,2768894.0
2025-06-18 11:33:54.297879,251.74,996743.0,2768894.0
2025-06-18 11:33:54.867047,251.77,1004392.0,2759708.0
2025-06-18 11:33:54.983633,251.77,1004392.0,2759708.0
2025-06-18 11:33:55.271822,251.77,1004392.0,2759708.0
2025-06-18 11:33:55.794700,251.77,1004392.0,2759708.0
2025-06-18 11:33:55.868408,251.74,1003667.0,2762182.0
2025-06-18 11:33:56.272082,251.74,1003667.0,2762182.0
2025-06-18 11:33:56.869104,251.74,1007579.0,2757841.0
2025-06-18 11:33:56.899001,251.74,1007579.0,2757841.0
2025-06-18 11:33:57.262375,251.75,1007579.0,2757841.0
2025-06-18 11:33:57.470118,251.75,1007579.0,2757841.0
2025-06-18 11:33:57.970055,251.75,1009655.0,2756617.0
2025-06-18 11:33:58.289810,251.79,1009655.0,2756617.0
2025-06-18 11:33:58.371445,251.79,1009655.0,2756617.0
2025-06-18 11:33:58.970714,251.79,1008167.0,2756721.0
2025-06-18 11:33:59.741546,251.79,1008167.0,2756721.0
2025-06-18 11:33:59.972503,251.79,1008626.0,2758552.0
2025-06-18 11:34:00.889551,251.79,1008626.0,2758552.0
2025-06-18 11:34:01.270750,251.76,1008626.0,2758552.0
2025-06-18 11:34:01.756086,251.76,1008626.0,2758552.0
2025-06-18 11:34:01.874286,251.79,1008418.0,2757758.0
2025-06-18 11:34:02.273157,251.79,1008418.0,2757758.0
2025-06-18 11:34:03.140966,251.79,1008418.0,2757758.0
2025-06-18 11:34:03.374452,251.79,1009181.0,2757614.0
2025-06-18 11:34:04.284455,251.79,1009181.0,2757614.0
2025-06-18 11:34:04.287800,251.75,1009181.0,2757614.0
2025-06-18 11:34:04.476676,251.75,1008825.0,2760667.0
2025-06-18 11:34:05.520716,251.75,1008825.0,2760667.0
2025-06-18 11:34:05.575534,251.75,1008541.0,2760863.0
2025-06-18 11:34:06.296696,251.75,1008541.0,2760863.0
2025-06-18 11:34:06.577108,251.76,1006138.0,2759696.0
2025-06-18 11:34:06.880803,251.76,1006138.0,2759696.0
2025-06-18 11:34:07.269524,251.76,1006138.0,2759696.0
2025-06-18 11:34:07.579354,251.76,1007173.0,2759540.0
2025-06-18 11:34:08.580761,251.76,1007837.0,2759551.0
2025-06-18 11:34:09.268729,251.69,1007837.0,2759551.0
2025-06-18 11:34:09.779252,251.69,1000377.0,2763603.0
2025-06-18 11:34:10.878267,251.79,1002413.0,2763848.0
2025-06-18 11:34:11.276986,251.79,1002413.0,2763848.0
2025-06-18 11:34:11.881952,251.79,1001519.0,2764151.0
2025-06-18 11:34:12.983252,251.75,1000796.0,2769552.0
2025-06-18 11:34:13.270864,251.75,1000796.0,2769552.0
2025-06-18 11:34:14.083313,251.67,1002978.0,2769138.0
2025-06-18 11:34:14.279537,251.67,1002978.0,2769138.0
2025-06-18 11:34:15.184540,251.7,1003444.0,2769025.0
2025-06-18 11:34:15.278555,251.7,1003444.0,2769025.0
2025-06-18 11:34:16.289390,251.7,1003659.0,2769619.0
2025-06-18 11:34:17.183613,251.7,1001266.0,2773687.0
2025-06-18 11:34:17.281267,251.7,1001266.0,2773687.0
2025-06-18 11:34:18.280684,251.65,1001266.0,2773687.0
2025-06-18 11:34:18.291704,251.65,1001562.0,2774177.0
2025-06-18 11:34:19.385290,251.65,1001338.0,2771696.0
2025-06-18 11:34:20.487870,251.65,997370.0,2768962.0
2025-06-18 11:34:21.283250,251.7,997370.0,2768962.0
2025-06-18 11:34:21.586856,251.7,994011.0,2772046.0
2025-06-18 11:34:22.283169,251.7,994011.0,2772046.0
2025-06-18 11:34:22.588025,251.7,1000336.0,2771660.0
2025-06-18 11:34:23.309010,251.65,1000336.0,2771660.0
2025-06-18 11:34:23.689839,251.65,1000553.0,2771824.0
2025-06-18 11:34:24.693748,251.65,1000365.0,2771937.0
2025-06-18 11:34:25.272992,251.65,1000365.0,2771937.0
2025-06-18 11:34:25.792315,251.7,1003977.0,2760558.0
2025-06-18 11:34:26.271394,251.7,1003977.0,2760558.0
2025-06-18 11:34:26.794602,251.7,1004102.0,2765335.0
2025-06-18 11:34:27.736529,251.7,1002650.0,2765153.0
2025-06-18 11:34:28.270337,251.75,1002650.0,2765153.0
2025-06-18 11:34:28.793932,251.75,1002824.0,2766764.0
2025-06-18 11:34:29.894509,251.65,1002382.0,2767437.0
2025-06-18 11:34:30.297377,251.65,1002382.0,2767437.0
2025-06-18 11:34:30.994979,251.65,1001241.0,2767468.0
2025-06-18 11:34:31.273842,251.65,1001241.0,2767468.0
2025-06-18 11:34:32.094668,251.65,1001447.0,2767468.0
2025-06-18 11:34:32.277109,251.65,1001447.0,2767468.0
2025-06-18 11:34:32.997651,251.65,1002002.0,2769554.0
2025-06-18 11:34:33.292064,251.62,1002002.0,2769554.0
2025-06-18 11:34:33.998665,251.65,998498.0,2768064.0
2025-06-18 11:34:34.268771,251.65,998498.0,2768064.0
2025-06-18 11:34:34.995438,251.75,999120.0,2767739.0
2025-06-18 11:34:35.269161,251.75,999120.0,2767739.0
2025-06-18 11:34:36.099171,251.65,997738.0,2766100.0
2025-06-18 11:34:36.279466,251.65,997738.0,2766100.0
2025-06-18 11:34:37.425490,251.65,1002099.0,2770258.0
2025-06-18 11:34:37.432667,251.65,1002099.0,2770258.0
2025-06-18 11:34:38.200891,251.67,1000896.0,2772512.0
2025-06-18 11:34:38.270820,251.65,1000896.0,2772512.0
2025-06-18 11:34:39.275239,251.65,1000896.0,2772512.0
2025-06-18 11:34:39.306218,251.65,1000657.0,2772869.0
2025-06-18 11:34:40.273853,251.65,1000657.0,2772869.0
2025-06-18 11:34:40.400237,251.65,1001598.0,2771906.0
2025-06-18 11:34:41.278172,251.65,1001598.0,2771906.0
2025-06-18 11:34:41.502353,251.65,1001870.0,2771923.0
2025-06-18 11:34:42.275511,251.67,1001870.0,2771923.0
2025-06-18 11:34:42.600482,251.65,998998.0,2771261.0
2025-06-18 11:34:43.273723,251.65,998998.0,2771261.0
2025-06-18 11:34:43.601496,251.65,994784.0,2772258.0
2025-06-18 11:34:44.273940,251.61,994784.0,2772258.0
2025-06-18 11:34:44.733458,251.65,997642.0,2771055.0
2025-06-18 11:34:45.280780,251.65,997642.0,2771055.0
2025-06-18 11:34:45.804358,251.65,998070.0,2771022.0
2025-06-18 11:34:46.289925,251.61,998070.0,2771022.0
2025-06-18 11:34:46.903272,251.61,998449.0,2770855.0
2025-06-18 11:34:47.906584,251.6,996707.0,2771251.0
2025-06-18 11:34:48.271833,251.61,996707.0,2771251.0
2025-06-18 11:34:49.005696,251.61,995632.0,2773239.0
2025-06-18 11:34:49.283177,251.65,995632.0,2773239.0
2025-06-18 11:34:50.010266,251.6,997668.0,2771662.0
2025-06-18 11:34:50.270536,251.6,997668.0,2771662.0
2025-06-18 11:34:51.108985,251.6,992523.0,2773104.0
2025-06-18 11:34:51.278000,251.6,992523.0,2773104.0
