timestamp,ltp,bid_qty,ask_qty
2025-06-18 11:01:36.664203,287.2,835555.0,975058.0
2025-06-18 11:01:36.843063,287.15,834954.0,980616.0
2025-06-18 11:01:37.143022,287.15,834954.0,980616.0
2025-06-18 11:01:39.134709,287.15,834954.0,980616.0
2025-06-18 11:01:41.136932,287.15,834954.0,980616.0
2025-06-18 11:01:41.849283,287.15,827608.0,981102.0
2025-06-18 11:01:43.133616,287.15,827608.0,981102.0
2025-06-18 11:01:45.148217,287.15,827608.0,981102.0
2025-06-18 11:01:46.850556,287.0,831638.0,980550.0
2025-06-18 11:01:47.143066,287.15,831638.0,980550.0
2025-06-18 11:01:49.175366,287.15,831638.0,980550.0
2025-06-18 11:01:51.146261,287.15,831638.0,980550.0
2025-06-18 11:01:52.548419,287.15,821220.0,984302.0
2025-06-18 11:01:53.137939,287.1,821220.0,984302.0
2025-06-18 11:01:55.147314,287.1,821220.0,984302.0
2025-06-18 11:01:57.146513,287.1,821220.0,984302.0
2025-06-18 11:01:57.977338,287.1,827457.0,985054.0
2025-06-18 11:01:59.141030,287.1,827457.0,985054.0
2025-06-18 11:02:01.139211,287.0,827457.0,985054.0
2025-06-18 11:02:01.755013,287.05,828639.0,984318.0
2025-06-18 11:02:02.137383,287.1,828639.0,984318.0
2025-06-18 11:02:02.855460,287.1,826936.0,984594.0
2025-06-18 11:02:03.140623,287.1,826936.0,984594.0
2025-06-18 11:02:05.163070,287.1,826921.0,985055.0
2025-06-18 11:02:05.165191,287.1,826921.0,985055.0
2025-06-18 11:02:05.202307,287.1,825588.0,986789.0
2025-06-18 11:02:05.204993,287.1,825588.0,986789.0
2025-06-18 11:02:05.858340,287.1,825869.0,986474.0
2025-06-18 11:02:06.141970,287.1,825869.0,986474.0
2025-06-18 11:02:07.057446,287.1,822264.0,987388.0
2025-06-18 11:02:07.141132,287.1,822264.0,987388.0
2025-06-18 11:02:07.970009,287.0,826542.0,987644.0
2025-06-18 11:02:08.139421,287.0,826542.0,987644.0
2025-06-18 11:02:09.061461,287.1,821314.0,987511.0
2025-06-18 11:02:09.136657,287.1,821314.0,987511.0
2025-06-18 11:02:10.146291,287.1,821314.0,987511.0
2025-06-18 11:02:10.172667,287.1,819630.0,987563.0
2025-06-18 11:02:11.141404,287.1,819630.0,987563.0
2025-06-18 11:02:11.263172,287.1,819769.0,986966.0
2025-06-18 11:02:12.139599,287.1,819769.0,986966.0
2025-06-18 11:02:12.363421,287.1,819768.0,986611.0
2025-06-18 11:02:13.144823,287.1,819768.0,986611.0
2025-06-18 11:02:13.265345,287.1,819571.0,986825.0
2025-06-18 11:02:14.140609,287.1,819571.0,986825.0
2025-06-18 11:02:14.264256,287.1,819570.0,986969.0
2025-06-18 11:02:15.166974,287.1,819570.0,986969.0
2025-06-18 11:02:15.365873,287.1,819768.0,987102.0
2025-06-18 11:02:16.186755,287.1,819768.0,987102.0
2025-06-18 11:02:16.481241,287.0,816217.0,987376.0
2025-06-18 11:02:17.140681,287.1,816217.0,987376.0
2025-06-18 11:02:17.569068,287.1,816339.0,986816.0
2025-06-18 11:02:18.138471,287.1,816339.0,986816.0
2025-06-18 11:02:18.669624,287.1,824270.0,986098.0
2025-06-18 11:02:19.135968,287.1,824270.0,986098.0
2025-06-18 11:02:19.669527,287.1,821695.0,988495.0
2025-06-18 11:02:20.137670,287.1,821695.0,988495.0
2025-06-18 11:02:20.769699,287.0,822135.0,989082.0
2025-06-18 11:02:21.137584,287.05,822135.0,989082.0
2025-06-18 11:02:21.869121,287.1,811733.0,996245.0
2025-06-18 11:02:22.142211,287.1,811733.0,996245.0
2025-06-18 11:02:22.995456,287.0,815734.0,990613.0
2025-06-18 11:02:23.141065,287.05,815734.0,990613.0
2025-06-18 11:02:23.985901,287.05,816845.0,990028.0
2025-06-18 11:02:24.155399,287.05,816845.0,990028.0
2025-06-18 11:02:25.073316,287.05,816235.0,989445.0
2025-06-18 11:02:25.139251,287.05,816235.0,989445.0
2025-06-18 11:02:26.075075,287.05,816870.0,990038.0
2025-06-18 11:02:26.150498,287.0,816870.0,990038.0
2025-06-18 11:02:27.145045,287.05,816870.0,990038.0
2025-06-18 11:02:27.182501,287.05,812019.0,990427.0
2025-06-18 11:02:28.140077,287.05,812019.0,990427.0
2025-06-18 11:02:28.275208,287.05,811006.0,991249.0
2025-06-18 11:02:29.142251,287.05,811006.0,991249.0
2025-06-18 11:02:29.276255,287.05,810540.0,992906.0
2025-06-18 11:02:30.152997,287.0,810540.0,992906.0
2025-06-18 11:02:30.878485,287.05,810138.0,992303.0
2025-06-18 11:02:31.138537,287.05,810138.0,992303.0
2025-06-18 11:02:32.002024,287.05,811310.0,991864.0
2025-06-18 11:02:32.143700,287.05,811310.0,991864.0
2025-06-18 11:02:33.143935,287.05,811310.0,991864.0
2025-06-18 11:02:33.184209,287.05,813755.0,990216.0
2025-06-18 11:02:34.144033,287.05,813755.0,990216.0
2025-06-18 11:02:34.183975,287.05,813010.0,990903.0
2025-06-18 11:02:35.149700,287.05,813010.0,990903.0
2025-06-18 11:02:35.377829,287.05,809188.0,991407.0
2025-06-18 11:02:36.147166,287.0,809188.0,991407.0
2025-06-18 11:02:36.378222,287.05,812224.0,992295.0
2025-06-18 11:02:37.141265,287.05,812224.0,992295.0
2025-06-18 11:02:37.377807,287.05,816777.0,991411.0
2025-06-18 11:02:38.142583,287.05,816777.0,991411.0
2025-06-18 11:02:38.381645,287.05,815784.0,991755.0
2025-06-18 11:02:39.145035,287.05,815784.0,991755.0
2025-06-18 11:02:39.489531,287.05,809267.0,990796.0
2025-06-18 11:02:40.143354,287.05,809267.0,990796.0
2025-06-18 11:02:40.584275,287.05,809415.0,991650.0
2025-06-18 11:02:41.138621,287.05,809415.0,991650.0
2025-06-18 11:02:41.782077,287.05,805575.0,991255.0
2025-06-18 11:02:42.143511,287.0,805575.0,991255.0
2025-06-18 11:02:42.784585,287.05,802001.0,991022.0
2025-06-18 11:02:43.146297,287.0,802001.0,991022.0
2025-06-18 11:02:43.882927,287.05,806018.0,990275.0
2025-06-18 11:02:44.147964,287.05,806018.0,990275.0
2025-06-18 11:02:44.884290,287.05,805724.0,990057.0
2025-06-18 11:02:45.143426,287.05,805724.0,990057.0
2025-06-18 11:02:45.884965,287.0,803349.0,989600.0
2025-06-18 11:02:46.147422,287.0,803349.0,989600.0
2025-06-18 11:02:46.890246,287.0,799399.0,991039.0
2025-06-18 11:02:47.149742,287.05,799399.0,991039.0
2025-06-18 11:02:47.885181,287.05,799131.0,990768.0
2025-06-18 11:02:48.144574,287.05,799131.0,990768.0
2025-06-18 11:02:48.886627,287.0,800176.0,989655.0
2025-06-18 11:02:49.146531,287.05,800176.0,989655.0
2025-06-18 11:02:49.788090,287.0,799754.0,990861.0
2025-06-18 11:02:50.143026,287.0,799754.0,990861.0
2025-06-18 11:02:50.886974,287.05,798701.0,991565.0
2025-06-18 11:02:51.228211,287.05,798701.0,991565.0
2025-06-18 11:02:51.886692,287.05,799803.0,990978.0
2025-06-18 11:02:52.144650,287.05,799803.0,990978.0
2025-06-18 11:02:52.888456,287.05,798161.0,991256.0
2025-06-18 11:02:53.144123,287.05,798161.0,991256.0
2025-06-18 11:02:53.889022,287.05,799285.0,990718.0
2025-06-18 11:02:54.146837,287.05,799285.0,990718.0
2025-06-18 11:02:54.888976,287.05,799239.0,990535.0
2025-06-18 11:02:55.146907,287.05,799239.0,990535.0
2025-06-18 11:02:55.790460,287.0,798829.0,991375.0
2025-06-18 11:02:56.145476,287.0,798829.0,991375.0
2025-06-18 11:02:56.791744,287.05,806168.0,991229.0
2025-06-18 11:02:57.147533,287.05,806168.0,991229.0
2025-06-18 11:02:57.793378,287.05,806553.0,991141.0
2025-06-18 11:02:58.147629,287.05,806553.0,991141.0
2025-06-18 11:02:58.797124,287.05,806815.0,991669.0
2025-06-18 11:02:59.145772,287.05,806815.0,991669.0
2025-06-18 11:02:59.895292,287.05,806612.0,991140.0
2025-06-18 11:03:00.148754,287.05,806612.0,991140.0
2025-06-18 11:03:00.799238,287.05,805612.0,991099.0
2025-06-18 11:03:01.141251,287.05,805612.0,991099.0
2025-06-18 11:03:02.097848,287.05,805683.0,962149.0
2025-06-18 11:03:02.141013,287.05,805683.0,962149.0
2025-06-18 11:03:03.144766,287.0,805683.0,962149.0
2025-06-18 11:03:04.000931,287.05,805871.0,962928.0
2025-06-18 11:03:04.149160,287.05,805871.0,962928.0
2025-06-18 11:03:04.899311,287.0,801943.0,962954.0
2025-06-18 11:03:05.143802,287.05,801943.0,962954.0
2025-06-18 11:03:05.899691,287.05,802359.0,962075.0
2025-06-18 11:03:06.144431,287.05,802359.0,962075.0
2025-06-18 11:03:06.902478,287.0,797296.0,961900.0
2025-06-18 11:03:07.145419,287.05,797296.0,961900.0
2025-06-18 11:03:07.900713,287.05,797740.0,961550.0
2025-06-18 11:03:08.149648,287.05,797740.0,961550.0
2025-06-18 11:03:09.001917,287.05,797609.0,962201.0
2025-06-18 11:03:09.148321,287.05,797609.0,962201.0
2025-06-18 11:03:10.102173,287.0,792614.0,969607.0
2025-06-18 11:03:10.143342,287.0,792614.0,969607.0
2025-06-18 11:03:11.147442,287.05,792614.0,969607.0
2025-06-18 11:03:11.205641,287.05,792385.0,970910.0
2025-06-18 11:03:12.144681,287.05,792385.0,970910.0
2025-06-18 11:03:12.300594,287.05,792603.0,970105.0
2025-06-18 11:03:13.144172,287.05,792603.0,970105.0
2025-06-18 11:03:13.400572,287.05,792996.0,969801.0
2025-06-18 11:03:14.151918,287.05,792996.0,969801.0
2025-06-18 11:03:14.502839,287.0,792333.0,968716.0
2025-06-18 11:03:15.142903,287.05,792333.0,968716.0
2025-06-18 11:03:15.602087,287.05,792622.0,968422.0
2025-06-18 11:03:16.148653,287.0,792622.0,968422.0
2025-06-18 11:03:16.601927,287.05,787582.0,969613.0
2025-06-18 11:03:17.147486,287.05,787582.0,969613.0
2025-06-18 11:03:17.703002,287.05,787859.0,967964.0
2025-06-18 11:03:18.147124,287.05,787859.0,967964.0
2025-06-18 11:03:18.804225,287.0,792263.0,967368.0
2025-06-18 11:03:19.148595,287.0,792263.0,967368.0
2025-06-18 11:03:19.904470,287.05,793211.0,967254.0
2025-06-18 11:03:20.152902,287.05,793211.0,967254.0
2025-06-18 11:03:21.003543,287.05,792974.0,966375.0
2025-06-18 11:03:21.205531,287.05,792974.0,966375.0
2025-06-18 11:03:21.903983,287.05,793902.0,964841.0
2025-06-18 11:03:22.169476,287.05,793902.0,964841.0
2025-06-18 11:03:23.006217,287.05,794127.0,965005.0
2025-06-18 11:03:23.150995,287.05,794127.0,965005.0
2025-06-18 11:03:24.105884,287.05,794535.0,963981.0
2025-06-18 11:03:24.151864,287.05,794535.0,963981.0
2025-06-18 11:03:25.146380,287.05,794535.0,963981.0
2025-06-18 11:03:25.205416,287.05,794886.0,964108.0
2025-06-18 11:03:26.150869,287.0,794886.0,964108.0
2025-06-18 11:03:26.308103,287.05,794964.0,964527.0
2025-06-18 11:03:27.147568,287.0,794964.0,964527.0
2025-06-18 11:03:27.308465,287.05,792628.0,966622.0
2025-06-18 11:03:28.150078,287.05,792628.0,966622.0
2025-06-18 11:03:28.308460,287.05,792628.0,966246.0
2025-06-18 11:03:29.149344,287.05,792628.0,966246.0
2025-06-18 11:03:29.409156,287.05,792790.0,965780.0
2025-06-18 11:03:30.146317,287.05,792790.0,965780.0
2025-06-18 11:03:30.511687,287.05,783963.0,968029.0
2025-06-18 11:03:31.154056,287.05,783963.0,968029.0
2025-06-18 11:03:31.617281,287.05,788093.0,966826.0
2025-06-18 11:03:32.151389,287.05,788093.0,966826.0
2025-06-18 11:03:32.714288,287.0,788179.0,968329.0
2025-06-18 11:03:33.147777,287.05,788179.0,968329.0
2025-06-18 11:03:33.814467,287.05,788683.0,968664.0
2025-06-18 11:03:34.154800,287.05,788683.0,968664.0
2025-06-18 11:03:34.915442,287.05,789366.0,967794.0
2025-06-18 11:03:35.150130,287.05,789366.0,967794.0
2025-06-18 11:03:35.915137,287.05,790382.0,966207.0
2025-06-18 11:03:36.222867,287.05,790382.0,966207.0
2025-06-18 11:03:37.019953,287.05,791762.0,967568.0
2025-06-18 11:03:37.151277,287.05,791762.0,967568.0
2025-06-18 11:03:38.016502,287.05,791767.0,967770.0
2025-06-18 11:03:38.152609,287.05,791767.0,967770.0
2025-06-18 11:03:39.117662,287.05,789764.0,967706.0
2025-06-18 11:03:39.148086,287.05,789764.0,967706.0
2025-06-18 11:03:40.146804,287.0,789764.0,967706.0
2025-06-18 11:03:40.819739,287.05,787658.0,967798.0
2025-06-18 11:03:41.169785,287.05,787658.0,967798.0
2025-06-18 11:03:41.916645,287.05,787240.0,967719.0
2025-06-18 11:03:42.157655,287.05,787240.0,967719.0
2025-06-18 11:03:42.818497,287.05,787092.0,967345.0
2025-06-18 11:03:43.155224,287.05,787092.0,967345.0
2025-06-18 11:03:43.917707,287.05,787426.0,967092.0
2025-06-18 11:03:44.155577,287.05,787426.0,967092.0
2025-06-18 11:03:45.017555,287.05,787196.0,967073.0
2025-06-18 11:03:45.167563,287.05,787196.0,967073.0
2025-06-18 11:03:46.028190,287.05,787196.0,967073.0
2025-06-18 11:03:46.127657,286.95,784793.0,968288.0
2025-06-18 11:03:46.169810,286.95,784793.0,968288.0
2025-06-18 11:03:47.076769,286.95,784793.0,968288.0
2025-06-18 11:03:47.174016,287.0,784793.0,968288.0
2025-06-18 11:03:47.225232,287.0,788473.0,968611.0
2025-06-18 11:03:47.992329,287.0,788473.0,968611.0
2025-06-18 11:03:48.131275,287.0,789062.0,967886.0
2025-06-18 11:03:48.165240,287.0,789062.0,967886.0
2025-06-18 11:03:48.902811,287.0,789062.0,967886.0
2025-06-18 11:03:49.159964,287.0,789062.0,967886.0
2025-06-18 11:03:49.220476,287.0,789610.0,967394.0
2025-06-18 11:03:49.745653,287.0,789610.0,967394.0
2025-06-18 11:03:50.156010,287.0,789610.0,967394.0
2025-06-18 11:03:50.321760,287.0,789416.0,967332.0
2025-06-18 11:03:50.564374,287.0,789416.0,967332.0
2025-06-18 11:03:51.168360,287.0,789416.0,967332.0
2025-06-18 11:03:51.322322,287.0,791891.0,969715.0
2025-06-18 11:03:51.590413,287.0,791891.0,969715.0
2025-06-18 11:03:52.194055,287.0,791891.0,969715.0
2025-06-18 11:03:52.203353,287.0,791891.0,969715.0
2025-06-18 11:03:52.323539,287.0,791917.0,970418.0
2025-06-18 11:03:52.570099,287.0,791917.0,970418.0
2025-06-18 11:03:53.075302,287.0,791917.0,970418.0
2025-06-18 11:03:53.198662,287.0,791917.0,970418.0
2025-06-18 11:03:53.424054,287.0,790001.0,967677.0
2025-06-18 11:03:53.443741,287.0,790001.0,967677.0
2025-06-18 11:03:54.185322,286.95,790001.0,967677.0
2025-06-18 11:03:54.426080,287.0,789421.0,969195.0
2025-06-18 11:03:54.454339,287.0,789421.0,969195.0
2025-06-18 11:03:55.161571,287.0,789421.0,969195.0
2025-06-18 11:03:55.425032,287.0,788567.0,969521.0
2025-06-18 11:03:55.727473,287.0,788567.0,969521.0
2025-06-18 11:03:56.162921,287.0,788567.0,969521.0
2025-06-18 11:03:56.426516,287.0,792827.0,970046.0
2025-06-18 11:03:56.587964,287.0,792827.0,970046.0
2025-06-18 11:04:00.410970,287.0,792827.0,970046.0
2025-06-18 11:04:00.457160,287.0,788673.0,971020.0
2025-06-18 11:04:00.463513,287.0,788673.0,971020.0
2025-06-18 11:04:00.507938,287.0,788673.0,971020.0
2025-06-18 11:04:00.509580,287.0,788550.0,970416.0
2025-06-18 11:04:00.512770,286.95,788550.0,970416.0
2025-06-18 11:04:00.541193,286.95,788550.0,970416.0
2025-06-18 11:04:00.546999,287.0,792516.0,968444.0
2025-06-18 11:04:00.548923,287.0,792516.0,968444.0
2025-06-18 11:04:00.552405,287.0,792516.0,968444.0
2025-06-18 11:04:00.628271,287.0,792620.0,970135.0
2025-06-18 11:04:01.155043,286.9,792620.0,970135.0
2025-06-18 11:04:01.923643,286.9,792620.0,970135.0
2025-06-18 11:04:03.136110,287.0,789982.0,969590.0
2025-06-18 11:04:03.206045,287.0,789982.0,969590.0
2025-06-18 11:04:05.196318,287.0,789982.0,969590.0
2025-06-18 11:04:07.178635,286.95,789982.0,969590.0
2025-06-18 11:04:08.334624,287.0,790922.0,969761.0
2025-06-18 11:04:09.155026,286.95,790922.0,969761.0
2025-06-18 11:04:11.159400,287.0,790922.0,969761.0
2025-06-18 11:04:13.155816,287.0,790922.0,969761.0
2025-06-18 11:04:13.339599,287.0,790540.0,969860.0
2025-06-18 11:04:15.157344,287.0,790540.0,969860.0
2025-06-18 11:04:17.156877,287.0,790540.0,969860.0
2025-06-18 11:04:18.742843,287.0,793485.0,971709.0
2025-06-18 11:04:19.187713,287.0,793485.0,971709.0
2025-06-18 11:04:21.183545,287.0,793485.0,971709.0
2025-06-18 11:04:23.158829,287.0,793485.0,971709.0
2025-06-18 11:04:23.967254,287.0,795430.0,970804.0
2025-06-18 11:04:25.158633,287.0,795430.0,970804.0
2025-06-18 11:04:27.158463,287.0,795430.0,970804.0
2025-06-18 11:04:29.067085,287.0,795479.0,970335.0
2025-06-18 11:04:29.156003,286.9,795479.0,970335.0
2025-06-18 11:04:31.156219,286.95,795479.0,970335.0
2025-06-18 11:04:33.161445,287.0,795479.0,970335.0
2025-06-18 11:04:34.064325,287.0,791001.0,974243.0
2025-06-18 11:04:35.165052,287.0,791001.0,974243.0
2025-06-18 11:04:37.167276,286.95,791001.0,974243.0
2025-06-18 11:04:38.975971,287.0,791069.0,974699.0
2025-06-18 11:04:39.162509,287.0,791069.0,974699.0
2025-06-18 11:04:41.152135,287.0,791069.0,974699.0
2025-06-18 11:04:43.167669,286.95,791069.0,974699.0
2025-06-18 11:04:44.069439,287.0,792209.0,975579.0
2025-06-18 11:04:45.198227,287.0,792209.0,975579.0
2025-06-18 11:04:47.168576,287.0,792209.0,975579.0
2025-06-18 11:04:48.980166,286.85,795214.0,975558.0
2025-06-18 11:04:49.158564,286.85,795214.0,975558.0
2025-06-18 11:04:51.157795,287.0,795214.0,975558.0
2025-06-18 11:04:53.154965,287.0,795214.0,975558.0
2025-06-18 11:04:53.672888,287.0,790145.0,976214.0
2025-06-18 11:04:55.162171,286.95,790145.0,976214.0
2025-06-18 11:04:57.210186,287.0,790145.0,976214.0
2025-06-18 11:04:58.489641,287.0,790668.0,977348.0
2025-06-18 11:04:59.162147,287.0,790668.0,977348.0
2025-06-18 11:05:01.169660,287.0,790668.0,977348.0
2025-06-18 11:05:05.123115,287.0,790918.0,977350.0
2025-06-18 11:05:05.168815,287.0,790918.0,977350.0
2025-06-18 11:05:05.206918,287.0,790918.0,977350.0
2025-06-18 11:05:07.388317,287.0,790918.0,977350.0
2025-06-18 11:05:07.995501,286.95,791504.0,978916.0
2025-06-18 11:05:09.188782,287.0,791504.0,978916.0
2025-06-18 11:05:11.157417,287.0,791504.0,978916.0
2025-06-18 11:05:13.157760,287.0,791504.0,978916.0
2025-06-18 11:05:13.181538,287.0,789662.0,976151.0
2025-06-18 11:05:15.161681,286.95,789662.0,976151.0
2025-06-18 11:05:17.166153,287.0,789662.0,976151.0
2025-06-18 11:05:18.795652,287.0,790354.0,976294.0
2025-06-18 11:05:19.191999,287.0,790354.0,976294.0
2025-06-18 11:05:21.184132,286.95,790354.0,976294.0
2025-06-18 11:05:23.202309,287.0,790354.0,976294.0
2025-06-18 11:05:23.789211,286.95,789622.0,978854.0
2025-06-18 11:05:25.155138,287.0,789622.0,978854.0
2025-06-18 11:05:27.171578,286.95,789622.0,978854.0
2025-06-18 11:05:28.676137,286.95,789656.0,977180.0
2025-06-18 11:05:29.163148,287.0,789656.0,977180.0
2025-06-18 11:05:31.162611,286.95,789656.0,977180.0
2025-06-18 11:05:33.203816,286.95,789656.0,977180.0
2025-06-18 11:05:35.120697,286.95,787153.0,978268.0
2025-06-18 11:05:35.211784,286.95,787153.0,978268.0
2025-06-18 11:05:37.163775,286.9,787153.0,978268.0
2025-06-18 11:05:39.277178,286.95,787153.0,978268.0
2025-06-18 11:05:39.282580,286.95,786903.0,980511.0
2025-06-18 11:05:41.165907,286.95,786903.0,980511.0
2025-06-18 11:05:43.162660,286.95,786903.0,980511.0
2025-06-18 11:05:44.204997,286.95,784989.0,980553.0
2025-06-18 11:05:45.162472,286.95,784989.0,980553.0
2025-06-18 11:05:47.187142,286.95,784989.0,980553.0
2025-06-18 11:05:49.105917,286.85,787349.0,978569.0
2025-06-18 11:05:49.168494,286.85,787349.0,978569.0
2025-06-18 11:05:51.167437,286.95,787349.0,978569.0
2025-06-18 11:05:53.160062,286.95,787349.0,978569.0
2025-06-18 11:05:54.418983,286.85,787799.0,978253.0
2025-06-18 11:05:55.164708,286.95,787799.0,978253.0
2025-06-18 11:05:57.180366,286.95,787799.0,978253.0
2025-06-18 11:05:59.164843,286.95,787799.0,978253.0
2025-06-18 11:05:59.416739,286.95,788185.0,979466.0
2025-06-18 11:06:01.165989,286.95,788185.0,979466.0
2025-06-18 11:06:03.161910,286.95,788185.0,979466.0
2025-06-18 11:06:04.115315,286.95,788432.0,980968.0
2025-06-18 11:06:05.162502,286.95,788432.0,980968.0
2025-06-18 11:06:07.167480,286.95,788432.0,980968.0
2025-06-18 11:06:08.920798,286.95,788727.0,981012.0
2025-06-18 11:06:09.166543,286.95,788727.0,981012.0
2025-06-18 11:06:11.205053,286.95,788727.0,981012.0
2025-06-18 11:06:13.188722,286.95,788727.0,981012.0
2025-06-18 11:06:13.923291,286.95,790545.0,980150.0
2025-06-18 11:06:15.167634,286.95,790545.0,980150.0
2025-06-18 11:06:17.166649,286.95,790545.0,980150.0
2025-06-18 11:06:19.024647,286.95,788550.0,978838.0
2025-06-18 11:06:19.161440,286.95,788550.0,978838.0
2025-06-18 11:06:21.159973,286.95,788550.0,978838.0
2025-06-18 11:06:23.168718,286.95,788550.0,978838.0
2025-06-18 11:06:24.025371,286.95,789598.0,979605.0
2025-06-18 11:06:25.161018,286.95,789598.0,979605.0
2025-06-18 11:06:27.164751,286.95,789598.0,979605.0
2025-06-18 11:06:28.829415,286.95,788734.0,978007.0
2025-06-18 11:06:29.160089,286.95,788734.0,978007.0
2025-06-18 11:06:31.168588,286.9,788734.0,978007.0
2025-06-18 11:06:33.168261,286.95,788734.0,978007.0
2025-06-18 11:06:33.434157,286.95,788859.0,977153.0
2025-06-18 11:06:35.166597,286.95,788859.0,977153.0
2025-06-18 11:06:37.165500,286.95,788859.0,977153.0
2025-06-18 11:06:38.338626,286.95,789822.0,977125.0
2025-06-18 11:06:39.168708,286.95,789822.0,977125.0
2025-06-18 11:06:41.163384,286.95,789822.0,977125.0
2025-06-18 11:06:43.163615,286.85,789822.0,977125.0
2025-06-18 11:06:43.442727,286.95,791646.0,976896.0
2025-06-18 11:06:45.160781,286.95,791646.0,976896.0
2025-06-18 11:06:46.765336,286.95,791646.0,976896.0
2025-06-18 11:06:47.168499,286.95,791646.0,976896.0
2025-06-18 11:06:47.619092,286.95,791646.0,976896.0
2025-06-18 11:06:48.342054,286.95,790006.0,978706.0
2025-06-18 11:06:48.553507,286.95,790006.0,978706.0
2025-06-18 11:06:49.758460,286.9,790006.0,978706.0
2025-06-18 11:06:49.767844,286.9,790006.0,978706.0
2025-06-18 11:06:50.287436,286.9,790006.0,978706.0
2025-06-18 11:06:51.082048,286.9,790006.0,978706.0
2025-06-18 11:06:51.158958,286.9,790006.0,978706.0
2025-06-18 11:06:52.041401,286.9,790006.0,978706.0
2025-06-18 11:06:53.164024,286.95,790006.0,978706.0
2025-06-18 11:06:53.345099,286.95,790584.0,978461.0
2025-06-18 11:06:53.510354,286.95,790584.0,978461.0
2025-06-18 11:06:54.757297,286.95,790584.0,978461.0
2025-06-18 11:06:55.163326,286.95,790584.0,978461.0
2025-06-18 11:06:56.264459,286.95,790584.0,978461.0
2025-06-18 11:06:57.111902,286.95,790584.0,978461.0
2025-06-18 11:06:57.160914,286.95,790584.0,978461.0
2025-06-18 11:06:58.342137,286.95,791174.0,978619.0
2025-06-18 11:06:58.543554,286.95,791174.0,978619.0
2025-06-18 11:06:59.161546,286.95,791174.0,978619.0
2025-06-18 11:06:59.693651,286.95,791174.0,978619.0
2025-06-18 11:07:00.828824,286.95,791174.0,978619.0
2025-06-18 11:07:01.159267,286.9,791174.0,978619.0
2025-06-18 11:07:02.285346,286.9,791174.0,978619.0
2025-06-18 11:07:03.057870,286.95,790370.0,977730.0
2025-06-18 11:07:03.162834,286.95,790370.0,977730.0
2025-06-18 11:07:05.170265,286.95,790370.0,977730.0
2025-06-18 11:07:07.161482,286.95,790370.0,977730.0
2025-06-18 11:07:10.481542,286.95,789788.0,979348.0
2025-06-18 11:07:10.577430,286.95,789788.0,979348.0
2025-06-18 11:07:13.173259,286.95,789788.0,979348.0
2025-06-18 11:07:13.861055,286.95,789265.0,978174.0
2025-06-18 11:07:16.170700,286.95,789265.0,978174.0
2025-06-18 11:07:19.166868,286.95,789265.0,978174.0
2025-06-18 11:07:19.268041,286.95,790392.0,976940.0
2025-06-18 11:07:22.230398,286.95,790392.0,976940.0
2025-06-18 11:07:24.262978,286.95,789846.0,975165.0
2025-06-18 11:07:25.166541,286.95,789846.0,975165.0
2025-06-18 11:07:27.173831,286.95,789846.0,975165.0
2025-06-18 11:07:29.179090,286.95,789846.0,975165.0
2025-06-18 11:07:29.183671,286.95,789618.0,975938.0
2025-06-18 11:07:31.176477,286.95,789618.0,975938.0
2025-06-18 11:07:33.172867,286.95,789618.0,975938.0
2025-06-18 11:07:34.173804,286.95,789621.0,976259.0
2025-06-18 11:07:35.164076,286.95,789621.0,976259.0
2025-06-18 11:07:37.171116,286.95,789621.0,976259.0
2025-06-18 11:07:39.077846,286.95,789823.0,975748.0
2025-06-18 11:07:39.208816,286.95,789823.0,975748.0
2025-06-18 11:07:41.172569,286.95,789823.0,975748.0
2025-06-18 11:07:43.172705,286.95,789823.0,975748.0
2025-06-18 11:07:44.799658,286.95,789750.0,975759.0
2025-06-18 11:07:45.173158,286.95,789750.0,975759.0
2025-06-18 11:07:47.178850,286.95,789750.0,975759.0
2025-06-18 11:07:49.172654,286.95,789750.0,975759.0
2025-06-18 11:07:49.578977,286.95,789852.0,975378.0
2025-06-18 11:07:52.180524,286.85,789852.0,975378.0
2025-06-18 11:07:55.124781,286.95,789897.0,975539.0
2025-06-18 11:07:55.167282,286.95,789897.0,975539.0
2025-06-18 11:07:58.188790,286.95,789897.0,975539.0
2025-06-18 11:07:59.710277,286.95,790063.0,975782.0
2025-06-18 11:08:00.437595,286.9,790063.0,975782.0
2025-06-18 11:08:02.197164,286.95,790063.0,975782.0
2025-06-18 11:08:04.183214,286.85,790063.0,975782.0
2025-06-18 11:08:04.883368,286.85,789238.0,976760.0
2025-06-18 11:08:06.176342,286.95,789238.0,976760.0
2025-06-18 11:08:08.182283,286.95,789238.0,976760.0
2025-06-18 11:08:10.194095,286.9,789238.0,976760.0
2025-06-18 11:08:10.284863,286.95,785663.0,978523.0
2025-06-18 11:08:12.254659,286.95,785663.0,978523.0
2025-06-18 11:08:14.194835,286.9,785663.0,978523.0
2025-06-18 11:08:15.892273,286.95,787372.0,978034.0
2025-06-18 11:08:16.198329,286.95,787372.0,978034.0
2025-06-18 11:08:20.495312,286.95,787372.0,978034.0
2025-06-18 11:08:20.567012,286.95,787372.0,978034.0
2025-06-18 11:08:20.794497,286.95,787860.0,977655.0
2025-06-18 11:08:22.174341,286.95,787860.0,977655.0
2025-06-18 11:08:25.171119,286.95,787860.0,977655.0
2025-06-18 11:08:26.300791,286.95,788243.0,976049.0
2025-06-18 11:08:28.172571,286.95,788243.0,976049.0
2025-06-18 11:08:30.174899,286.95,788243.0,976049.0
2025-06-18 11:08:31.907210,286.95,788012.0,976495.0
2025-06-18 11:08:32.176110,286.95,788012.0,976495.0
2025-06-18 11:08:34.173674,286.95,788012.0,976495.0
2025-06-18 11:08:36.173699,286.9,788012.0,976495.0
2025-06-18 11:08:37.210829,286.95,786619.0,978575.0
2025-06-18 11:08:38.175883,286.95,786619.0,978575.0
2025-06-18 11:08:40.186041,286.9,786619.0,978575.0
2025-06-18 11:08:42.183330,286.95,786619.0,978575.0
2025-06-18 11:08:42.410378,286.9,788047.0,977421.0
2025-06-18 11:08:44.184417,286.95,788047.0,977421.0
2025-06-18 11:08:46.202725,286.95,788047.0,977421.0
2025-06-18 11:08:47.710228,286.95,787943.0,977525.0
2025-06-18 11:08:48.173195,286.95,787943.0,977525.0
2025-06-18 11:08:50.171334,286.95,787943.0,977525.0
2025-06-18 11:08:52.175161,286.95,787943.0,977525.0
2025-06-18 11:08:52.912943,286.95,786210.0,976492.0
2025-06-18 11:08:54.176683,286.9,786210.0,976492.0
2025-06-18 11:08:56.177160,286.95,786210.0,976492.0
2025-06-18 11:08:58.120779,286.95,785832.0,975374.0
2025-06-18 11:08:58.173748,286.95,785832.0,975374.0
2025-06-18 11:09:00.172646,286.9,785832.0,975374.0
2025-06-18 11:09:02.210255,286.95,785832.0,975374.0
2025-06-18 11:09:02.917325,286.95,781506.0,975821.0
2025-06-18 11:09:04.178664,286.7,781506.0,975821.0
2025-06-18 11:09:06.173814,286.8,781506.0,975821.0
2025-06-18 11:09:07.922610,286.8,776878.0,985990.0
2025-06-18 11:09:08.171811,286.8,776878.0,985990.0
2025-06-18 11:09:10.172965,286.75,776878.0,985990.0
2025-06-18 11:09:12.168051,286.8,776878.0,985990.0
2025-06-18 11:09:14.311071,286.8,775680.0,979226.0
2025-06-18 11:09:14.346591,286.8,775680.0,979226.0
2025-06-18 11:09:16.168206,286.7,775680.0,979226.0
2025-06-18 11:09:18.871010,286.8,775680.0,979226.0
2025-06-18 11:09:19.323711,286.8,770285.0,979639.0
2025-06-18 11:09:20.197374,286.8,770285.0,979639.0
2025-06-18 11:09:22.167105,286.8,770285.0,979639.0
2025-06-18 11:09:24.174614,286.65,770285.0,979639.0
2025-06-18 11:09:24.531162,286.8,778914.0,978915.0
2025-06-18 11:09:26.179667,286.75,778914.0,978915.0
2025-06-18 11:09:28.178447,286.8,778914.0,978915.0
2025-06-18 11:09:29.831410,286.8,773896.0,978522.0
2025-06-18 11:09:30.180318,286.8,773896.0,978522.0
2025-06-18 11:09:32.179444,286.7,773896.0,978522.0
2025-06-18 11:09:34.176360,286.8,773896.0,978522.0
2025-06-18 11:09:35.335237,286.8,778897.0,977955.0
2025-06-18 11:09:36.173429,286.8,778897.0,977955.0
2025-06-18 11:09:38.205117,286.75,778897.0,977955.0
2025-06-18 11:09:40.172003,286.8,778897.0,977955.0
2025-06-18 11:09:40.537912,286.8,777042.0,976800.0
2025-06-18 11:09:42.178153,286.8,777042.0,976800.0
2025-06-18 11:09:44.191262,286.8,777042.0,976800.0
2025-06-18 11:09:45.840930,286.75,777720.0,979218.0
2025-06-18 11:09:46.254563,286.75,777720.0,979218.0
2025-06-18 11:09:47.144363,286.75,777720.0,979218.0
2025-06-18 11:09:48.174344,286.8,777720.0,979218.0
2025-06-18 11:09:48.227235,286.8,777720.0,979218.0
2025-06-18 11:09:49.104958,286.8,777720.0,979218.0
2025-06-18 11:09:50.060415,286.8,777720.0,979218.0
2025-06-18 11:09:50.171573,286.8,777720.0,979218.0
2025-06-18 11:09:50.864939,286.8,777720.0,979218.0
2025-06-18 11:09:51.053119,286.8,773230.0,981111.0
2025-06-18 11:09:51.638214,286.8,773230.0,981111.0
2025-06-18 11:09:52.175867,286.8,773230.0,981111.0
2025-06-18 11:09:52.637440,286.8,773230.0,981111.0
2025-06-18 11:09:53.223579,286.8,773230.0,981111.0
2025-06-18 11:09:54.095801,286.8,773230.0,981111.0
2025-06-18 11:09:54.186689,286.8,773230.0,981111.0
2025-06-18 11:09:54.464336,286.8,773230.0,981111.0
2025-06-18 11:09:55.342074,286.8,773230.0,981111.0
2025-06-18 11:09:56.173950,286.75,773230.0,981111.0
2025-06-18 11:09:56.593625,286.75,773230.0,981111.0
2025-06-18 11:09:56.655116,286.8,774714.0,984433.0
2025-06-18 11:09:57.593579,286.8,774714.0,984433.0
2025-06-18 11:09:58.178757,286.8,774714.0,984433.0
2025-06-18 11:09:58.986459,286.8,774714.0,984433.0
2025-06-18 11:10:00.122326,286.8,774714.0,984433.0
2025-06-18 11:10:00.172445,286.75,774714.0,984433.0
2025-06-18 11:10:01.251631,286.75,774714.0,984433.0
2025-06-18 11:10:01.651035,286.8,774425.0,983144.0
2025-06-18 11:10:02.173777,286.8,774425.0,983144.0
2025-06-18 11:10:02.719648,286.8,774425.0,983144.0
2025-06-18 11:10:02.751823,286.8,774254.0,982916.0
2025-06-18 11:10:03.215283,286.8,774254.0,982916.0
2025-06-18 11:10:03.746608,286.8,774315.0,982619.0
2025-06-18 11:10:04.170991,286.8,774315.0,982619.0
2025-06-18 11:10:05.171262,286.8,774315.0,982619.0
2025-06-18 11:10:05.349817,286.8,774137.0,981992.0
2025-06-18 11:10:06.175267,286.8,774137.0,981992.0
2025-06-18 11:10:06.452036,286.8,774657.0,981769.0
2025-06-18 11:10:07.656406,286.8,774541.0,981629.0
2025-06-18 11:10:09.455102,286.8,774541.0,981629.0
2025-06-18 11:10:09.506206,286.8,775027.0,981550.0
2025-06-18 11:10:09.513083,286.8,775027.0,981550.0
2025-06-18 11:10:09.552308,286.8,774635.0,981649.0
2025-06-18 11:10:10.185789,286.8,774635.0,981649.0
2025-06-18 11:10:10.553110,286.8,774580.0,982656.0
2025-06-18 11:10:11.187594,286.8,774580.0,982656.0
2025-06-18 11:10:11.658928,286.8,774677.0,982778.0
2025-06-18 11:10:12.174358,286.8,774677.0,982778.0
2025-06-18 11:10:12.665134,286.65,774001.0,984483.0
2025-06-18 11:10:13.179553,286.65,774001.0,984483.0
2025-06-18 11:10:13.656623,286.8,774836.0,984300.0
2025-06-18 11:10:14.180781,286.65,774836.0,984300.0
2025-06-18 11:10:14.660982,286.8,772077.0,985794.0
2025-06-18 11:10:15.174228,286.8,772077.0,985794.0
2025-06-18 11:10:15.757281,286.8,772224.0,985479.0
2025-06-18 11:10:16.176405,286.8,772224.0,985479.0
2025-06-18 11:10:16.752661,286.8,772149.0,985477.0
2025-06-18 11:10:17.184781,286.8,772149.0,985477.0
2025-06-18 11:10:17.853534,286.7,773673.0,984056.0
2025-06-18 11:10:18.171917,286.7,773673.0,984056.0
2025-06-18 11:10:18.953093,286.8,773767.0,982518.0
2025-06-18 11:10:19.174233,286.8,773767.0,982518.0
2025-06-18 11:10:19.960345,286.8,773528.0,981932.0
2025-06-18 11:10:20.173884,286.8,773528.0,981932.0
2025-06-18 11:10:20.959908,286.8,773647.0,982186.0
2025-06-18 11:10:21.188267,286.8,773647.0,982186.0
2025-06-18 11:10:21.857381,286.8,772853.0,980964.0
2025-06-18 11:10:22.177519,286.8,772853.0,980964.0
2025-06-18 11:10:23.175739,286.8,772853.0,980964.0
2025-06-18 11:10:23.358085,286.8,770647.0,981745.0
2025-06-18 11:10:24.183663,286.75,770647.0,981745.0
2025-06-18 11:10:24.356448,286.8,771273.0,982051.0
2025-06-18 11:10:25.179141,286.8,771273.0,982051.0
2025-06-18 11:10:25.356572,286.8,770818.0,980988.0
2025-06-18 11:10:26.178880,286.8,770818.0,980988.0
2025-06-18 11:10:26.360553,286.8,771177.0,981354.0
2025-06-18 11:10:27.183707,286.8,771177.0,981354.0
2025-06-18 11:10:27.257433,286.8,771040.0,983198.0
2025-06-18 11:10:28.184825,286.8,771040.0,983198.0
2025-06-18 11:10:28.259543,286.8,772004.0,983118.0
2025-06-18 11:10:29.176450,286.8,772004.0,983118.0
2025-06-18 11:10:29.259776,286.8,771993.0,983005.0
2025-06-18 11:10:30.174107,286.8,771993.0,983005.0
2025-06-18 11:10:30.260165,286.8,771641.0,982816.0
2025-06-18 11:10:31.184857,286.8,771641.0,982816.0
2025-06-18 11:10:31.264295,286.8,771237.0,983516.0
2025-06-18 11:10:32.177472,286.8,771237.0,983516.0
2025-06-18 11:10:32.262886,286.8,771676.0,983658.0
2025-06-18 11:10:33.175149,286.8,771676.0,983658.0
2025-06-18 11:10:33.267456,286.8,772386.0,983428.0
2025-06-18 11:10:34.181190,286.8,772386.0,983428.0
2025-06-18 11:10:34.267572,286.8,772023.0,983213.0
2025-06-18 11:10:35.175993,286.8,772023.0,983213.0
2025-06-18 11:10:35.266247,286.8,771799.0,983182.0
2025-06-18 11:10:36.172300,286.8,771799.0,983182.0
2025-06-18 11:10:36.267508,286.8,772303.0,982974.0
2025-06-18 11:10:37.174558,286.8,772303.0,982974.0
2025-06-18 11:10:37.266624,286.8,772227.0,983381.0
2025-06-18 11:10:38.175766,286.8,772227.0,983381.0
2025-06-18 11:10:38.267614,286.8,771278.0,983009.0
2025-06-18 11:10:39.172520,286.8,771278.0,983009.0
2025-06-18 11:10:39.368122,286.8,774142.0,982582.0
2025-06-18 11:10:40.173340,286.8,774142.0,982582.0
2025-06-18 11:10:40.367288,286.8,776515.0,983293.0
2025-06-18 11:10:41.182263,286.8,776515.0,983293.0
2025-06-18 11:10:41.369858,286.8,773266.0,983643.0
2025-06-18 11:10:42.179168,286.7,773266.0,983643.0
2025-06-18 11:10:42.368433,286.8,774564.0,983394.0
2025-06-18 11:10:43.176064,286.7,774564.0,983394.0
2025-06-18 11:10:43.469558,286.7,776209.0,982512.0
2025-06-18 11:10:44.174173,286.7,776209.0,982512.0
2025-06-18 11:10:44.370395,286.7,775937.0,980776.0
2025-06-18 11:10:45.173263,286.7,775937.0,980776.0
2025-06-18 11:10:45.370311,286.7,774951.0,978873.0
2025-06-18 11:10:46.172412,286.7,774951.0,978873.0
2025-06-18 11:10:46.471659,286.7,774354.0,980634.0
2025-06-18 11:10:47.173865,286.7,774354.0,980634.0
2025-06-18 11:10:47.572547,286.7,774355.0,980661.0
2025-06-18 11:10:48.207390,286.7,774355.0,980661.0
2025-06-18 11:10:48.674001,286.65,773290.0,980796.0
2025-06-18 11:10:49.175343,286.7,773290.0,980796.0
2025-06-18 11:10:49.673637,286.7,773244.0,981953.0
2025-06-18 11:10:50.178891,286.7,773244.0,981953.0
2025-06-18 11:10:50.773920,286.7,773242.0,981874.0
2025-06-18 11:10:51.176148,286.7,773242.0,981874.0
2025-06-18 11:10:51.882055,286.65,773295.0,981852.0
2025-06-18 11:10:52.179942,286.65,773295.0,981852.0
2025-06-18 11:10:52.979554,286.7,773415.0,981536.0
2025-06-18 11:10:53.183000,286.7,773415.0,981536.0
2025-06-18 11:10:53.976998,286.7,774531.0,981312.0
2025-06-18 11:10:54.182695,286.7,774531.0,981312.0
2025-06-18 11:10:54.980499,286.7,774279.0,981505.0
2025-06-18 11:10:55.177771,286.7,774279.0,981505.0
2025-06-18 11:10:55.980091,286.7,774032.0,981329.0
2025-06-18 11:10:56.172995,286.7,774032.0,981329.0
2025-06-18 11:10:56.981816,286.7,774043.0,981250.0
2025-06-18 11:10:57.171107,286.7,774043.0,981250.0
2025-06-18 11:10:57.983784,286.7,773908.0,981163.0
2025-06-18 11:10:58.176454,286.7,773908.0,981163.0
2025-06-18 11:10:58.984307,286.7,773154.0,980674.0
2025-06-18 11:10:59.171976,286.65,773154.0,980674.0
2025-06-18 11:10:59.884074,286.7,773168.0,981229.0
2025-06-18 11:11:00.173347,286.7,773168.0,981229.0
2025-06-18 11:11:02.203766,286.75,773168.0,981229.0
2025-06-18 11:11:04.173904,286.75,773168.0,981229.0
2025-06-18 11:11:05.390462,286.75,772303.0,981504.0
2025-06-18 11:11:06.180946,286.75,772303.0,981504.0
2025-06-18 11:11:08.186857,286.75,772303.0,981504.0
2025-06-18 11:11:10.176539,286.75,772303.0,981504.0
2025-06-18 11:11:10.795624,286.75,774455.0,981838.0
2025-06-18 11:11:12.181858,286.75,774455.0,981838.0
2025-06-18 11:11:14.194799,286.75,774455.0,981838.0
2025-06-18 11:11:16.174844,286.75,774455.0,981838.0
2025-06-18 11:11:16.196312,286.75,774115.0,981781.0
2025-06-18 11:11:18.191695,286.75,774115.0,981781.0
2025-06-18 11:11:20.180653,286.75,774115.0,981781.0
2025-06-18 11:11:21.396949,286.75,773913.0,980459.0
2025-06-18 11:11:22.185225,286.75,773913.0,980459.0
2025-06-18 11:11:24.179540,286.75,773913.0,980459.0
2025-06-18 11:11:26.180589,286.75,773913.0,980459.0
2025-06-18 11:11:26.402669,286.75,773834.0,981160.0
2025-06-18 11:11:28.191587,286.75,773834.0,981160.0
2025-06-18 11:11:30.178280,286.75,773834.0,981160.0
2025-06-18 11:11:31.704387,286.8,772256.0,978649.0
2025-06-18 11:11:32.185283,286.8,772256.0,978649.0
2025-06-18 11:11:34.179817,286.8,772256.0,978649.0
2025-06-18 11:11:36.180540,286.8,772256.0,978649.0
2025-06-18 11:11:36.520176,286.8,773730.0,972845.0
2025-06-18 11:11:38.187152,286.8,773730.0,972845.0
2025-06-18 11:11:40.177556,286.8,773730.0,972845.0
2025-06-18 11:11:41.529641,286.8,777311.0,974899.0
2025-06-18 11:11:42.188819,286.8,777311.0,974899.0
2025-06-18 11:11:44.203309,286.8,777311.0,974899.0
2025-06-18 11:11:46.179145,286.8,777311.0,974899.0
2025-06-18 11:11:46.711557,286.8,780764.0,974682.0
2025-06-18 11:11:48.195125,286.8,780764.0,974682.0
2025-06-18 11:11:50.193226,286.8,780764.0,974682.0
2025-06-18 11:11:51.619506,286.8,782983.0,965845.0
2025-06-18 11:11:52.219742,286.8,782983.0,965845.0
2025-06-18 11:11:54.194995,286.8,782983.0,965845.0
2025-06-18 11:11:56.188550,286.8,782983.0,965845.0
2025-06-18 11:11:56.827143,286.8,784312.0,966168.0
2025-06-18 11:11:58.418628,286.8,784312.0,966168.0
2025-06-18 11:12:00.180786,286.8,784312.0,966168.0
2025-06-18 11:12:02.290621,286.8,789836.0,963551.0
2025-06-18 11:12:02.333230,286.8,789836.0,963551.0
2025-06-18 11:12:04.182585,286.8,789836.0,963551.0
2025-06-18 11:12:06.179974,286.8,789836.0,963551.0
2025-06-18 11:12:06.326519,286.8,787578.0,963513.0
2025-06-18 11:12:08.181932,286.8,787578.0,963513.0
2025-06-18 11:12:10.181386,286.8,787578.0,963513.0
2025-06-18 11:12:11.333307,286.8,786359.0,966119.0
2025-06-18 11:12:12.197328,286.8,786359.0,966119.0
2025-06-18 11:12:14.181458,286.8,786359.0,966119.0
2025-06-18 11:12:16.181124,286.8,786359.0,966119.0
2025-06-18 11:12:16.543219,286.8,784742.0,967956.0
2025-06-18 11:12:18.212587,286.8,784742.0,967956.0
2025-06-18 11:12:20.177758,286.8,784742.0,967956.0
2025-06-18 11:12:21.843226,286.75,783110.0,970401.0
2025-06-18 11:12:22.180133,286.8,783110.0,970401.0
2025-06-18 11:12:26.181526,286.8,783110.0,970401.0
2025-06-18 11:12:26.651034,286.8,783506.0,971407.0
2025-06-18 11:12:28.180483,286.8,783506.0,971407.0
2025-06-18 11:12:30.188574,286.8,783506.0,971407.0
2025-06-18 11:12:31.852154,286.8,782614.0,971510.0
2025-06-18 11:12:32.207505,286.8,782614.0,971510.0
2025-06-18 11:12:34.184398,286.8,782614.0,971510.0
2025-06-18 11:12:36.203650,286.8,782614.0,971510.0
2025-06-18 11:12:37.160780,286.8,783219.0,969358.0
2025-06-18 11:12:38.186058,286.8,783219.0,969358.0
2025-06-18 11:12:40.183345,286.8,783219.0,969358.0
2025-06-18 11:12:42.181227,286.8,783219.0,969358.0
2025-06-18 11:12:42.359253,286.8,784528.0,969374.0
2025-06-18 11:12:44.181634,286.8,784528.0,969374.0
2025-06-18 11:12:46.180929,286.8,784528.0,969374.0
2025-06-18 11:12:47.263615,286.8,783400.0,969944.0
2025-06-18 11:12:47.570754,286.8,783400.0,969944.0
2025-06-18 11:12:48.182169,286.8,783400.0,969944.0
2025-06-18 11:12:48.636385,286.8,783400.0,969944.0
2025-06-18 11:12:49.539516,286.8,783400.0,969944.0
2025-06-18 11:12:50.186510,286.8,783400.0,969944.0
2025-06-18 11:12:50.453841,286.8,783400.0,969944.0
2025-06-18 11:12:51.317860,286.8,783400.0,969944.0
2025-06-18 11:12:52.101487,286.8,783400.0,969944.0
2025-06-18 11:12:52.181359,286.8,783400.0,969944.0
2025-06-18 11:12:52.767070,286.75,782902.0,974460.0
2025-06-18 11:12:53.115344,286.75,782902.0,974460.0
2025-06-18 11:12:54.047650,286.75,782902.0,974460.0
2025-06-18 11:12:54.184759,286.8,782902.0,974460.0
2025-06-18 11:12:54.523147,286.8,782902.0,974460.0
2025-06-18 11:12:55.800817,286.8,782902.0,974460.0
2025-06-18 11:12:56.183591,286.8,782902.0,974460.0
2025-06-18 11:12:57.012392,286.8,782902.0,974460.0
2025-06-18 11:12:57.888323,286.8,782902.0,974460.0
2025-06-18 11:12:58.189107,286.8,782902.0,974460.0
2025-06-18 11:12:58.271104,286.8,783374.0,973397.0
2025-06-18 11:12:59.288959,286.8,783374.0,973397.0
2025-06-18 11:13:00.192168,286.8,783374.0,973397.0
2025-06-18 11:13:00.401768,286.8,783374.0,973397.0
2025-06-18 11:13:01.574928,286.8,783374.0,973397.0
2025-06-18 11:13:02.182827,286.8,783374.0,973397.0
2025-06-18 11:13:03.036072,286.8,783374.0,973397.0
2025-06-18 11:13:03.374850,286.8,782367.0,974812.0
2025-06-18 11:13:04.186114,286.8,782367.0,974812.0
2025-06-18 11:13:06.184336,286.8,782367.0,974812.0
2025-06-18 11:13:08.183371,286.8,782367.0,974812.0
2025-06-18 11:13:08.279810,286.8,782665.0,976206.0
2025-06-18 11:13:10.184238,286.8,782665.0,976206.0
2025-06-18 11:13:12.188557,286.8,782665.0,976206.0
2025-06-18 11:13:13.179540,286.8,784841.0,975664.0
2025-06-18 11:13:14.185293,286.8,784841.0,975664.0
2025-06-18 11:13:16.188221,286.8,784841.0,975664.0
2025-06-18 11:13:17.986340,286.8,784622.0,975762.0
2025-06-18 11:13:18.191269,286.8,784622.0,975762.0
2025-06-18 11:13:20.187430,286.8,784622.0,975762.0
2025-06-18 11:13:22.187373,286.8,784622.0,975762.0
2025-06-18 11:13:22.887621,286.75,783317.0,974904.0
2025-06-18 11:13:24.188957,286.8,783317.0,974904.0
2025-06-18 11:13:26.188024,286.8,783317.0,974904.0
2025-06-18 11:13:27.887598,286.75,780359.0,973992.0
2025-06-18 11:13:28.184642,286.85,780359.0,973992.0
2025-06-18 11:13:30.190066,286.85,780359.0,973992.0
2025-06-18 11:13:32.185465,286.95,780359.0,973992.0
2025-06-18 11:13:32.795939,286.95,800470.0,959073.0
2025-06-18 11:13:34.190313,286.95,800470.0,959073.0
2025-06-18 11:13:36.187830,286.95,800470.0,959073.0
2025-06-18 11:13:37.795988,286.95,802379.0,948848.0
2025-06-18 11:13:38.187092,287.05,802379.0,948848.0
2025-06-18 11:13:40.191990,287.05,802379.0,948848.0
2025-06-18 11:13:42.189279,287.0,802379.0,948848.0
2025-06-18 11:13:43.000436,287.0,799325.0,954254.0
2025-06-18 11:13:44.192845,287.05,799325.0,954254.0
2025-06-18 11:13:46.192016,287.05,799325.0,954254.0
2025-06-18 11:13:48.099575,287.05,801720.0,951554.0
2025-06-18 11:13:48.188089,287.05,801720.0,951554.0
2025-06-18 11:13:50.197861,287.05,801720.0,951554.0
2025-06-18 11:13:52.190007,287.05,801720.0,951554.0
2025-06-18 11:13:52.801190,287.05,806598.0,951530.0
2025-06-18 11:13:54.191392,287.05,806598.0,951530.0
2025-06-18 11:13:56.190327,287.05,806598.0,951530.0
2025-06-18 11:13:58.188875,287.05,806598.0,951530.0
2025-06-18 11:13:58.204427,287.05,808378.0,949728.0
2025-06-18 11:14:00.189387,287.05,808378.0,949728.0
2025-06-18 11:14:02.009917,287.0,812023.0,949559.0
2025-06-18 11:14:02.187941,287.05,812023.0,949559.0
2025-06-18 11:14:03.008828,287.05,811775.0,949586.0
2025-06-18 11:14:03.188946,287.05,811775.0,949586.0
2025-06-18 11:14:04.105778,287.05,812359.0,949351.0
2025-06-18 11:14:04.192431,287.05,812359.0,949351.0
2025-06-18 11:14:05.105714,287.05,813114.0,949530.0
2025-06-18 11:14:05.186302,287.05,813114.0,949530.0
2025-06-18 11:14:06.107141,287.0,812687.0,949084.0
2025-06-18 11:14:06.189543,287.05,812687.0,949084.0
2025-06-18 11:14:07.109702,287.05,814489.0,949006.0
2025-06-18 11:14:07.187924,287.05,814489.0,949006.0
2025-06-18 11:14:08.014121,287.0,813238.0,949696.0
2025-06-18 11:14:08.187661,287.05,813238.0,949696.0
2025-06-18 11:14:09.190125,287.05,813238.0,949696.0
2025-06-18 11:14:09.808326,287.05,814008.0,950077.0
2025-06-18 11:14:10.189837,287.05,814008.0,950077.0
2025-06-18 11:14:10.812218,287.05,814097.0,951001.0
2025-06-18 11:14:11.186155,287.05,814097.0,951001.0
2025-06-18 11:14:12.018401,287.05,815035.0,950711.0
2025-06-18 11:14:12.188440,287.05,815035.0,950711.0
2025-06-18 11:14:13.021901,287.05,811850.0,950946.0
2025-06-18 11:14:13.224049,287.05,811850.0,950946.0
2025-06-18 11:14:14.111097,287.05,816893.0,950074.0
2025-06-18 11:14:14.191231,287.05,816893.0,950074.0
2025-06-18 11:14:15.112229,287.05,816868.0,949927.0
2025-06-18 11:14:15.190236,287.05,816868.0,949927.0
2025-06-18 11:14:16.113316,287.05,816456.0,950172.0
2025-06-18 11:14:16.194432,287.05,816456.0,950172.0
2025-06-18 11:14:17.113331,287.0,812751.0,950539.0
2025-06-18 11:14:17.197050,287.05,812751.0,950539.0
2025-06-18 11:14:18.116988,287.0,815790.0,950027.0
2025-06-18 11:14:18.193161,287.05,815790.0,950027.0
2025-06-18 11:14:19.118777,286.9,816594.0,949745.0
2025-06-18 11:14:19.191718,287.05,816594.0,949745.0
2025-06-18 11:14:20.187978,287.05,816594.0,949745.0
2025-06-18 11:14:20.316719,287.05,821166.0,978571.0
2025-06-18 11:14:21.188509,287.05,821166.0,978571.0
2025-06-18 11:14:21.418203,287.05,822504.0,978681.0
2025-06-18 11:14:22.237625,287.05,822504.0,978681.0
2025-06-18 11:14:22.420621,287.05,817119.0,976042.0
2025-06-18 11:14:23.189416,287.1,817119.0,976042.0
2025-06-18 11:14:23.552336,287.1,823777.0,973385.0
2025-06-18 11:14:24.194440,287.1,823777.0,973385.0
2025-06-18 11:14:24.620171,287.1,823314.0,972771.0
2025-06-18 11:14:25.189355,287.1,823314.0,972771.0
2025-06-18 11:14:25.723199,287.1,823497.0,972820.0
2025-06-18 11:14:26.188522,287.1,823497.0,972820.0
2025-06-18 11:14:26.820055,287.1,823393.0,971864.0
2025-06-18 11:14:27.190030,287.1,823393.0,971864.0
2025-06-18 11:14:27.920674,287.0,821833.0,973983.0
2025-06-18 11:14:28.190344,287.05,821833.0,973983.0
2025-06-18 11:14:28.824839,287.05,822632.0,973905.0
2025-06-18 11:14:29.191191,287.1,822632.0,973905.0
2025-06-18 11:14:29.929230,287.05,823082.0,972324.0
2025-06-18 11:14:30.190544,287.05,823082.0,972324.0
2025-06-18 11:14:31.049880,287.05,817619.0,972168.0
2025-06-18 11:14:31.189219,287.05,817619.0,972168.0
2025-06-18 11:14:32.052048,287.05,818904.0,972379.0
2025-06-18 11:14:32.188588,287.05,818904.0,972379.0
2025-06-18 11:14:33.128327,287.05,819820.0,971013.0
2025-06-18 11:14:33.188808,287.1,819820.0,971013.0
2025-06-18 11:14:34.173425,287.1,821291.0,971488.0
2025-06-18 11:14:34.198949,287.1,821291.0,971488.0
2025-06-18 11:14:35.190341,287.1,821291.0,971488.0
2025-06-18 11:14:35.227776,287.1,819568.0,970543.0
2025-06-18 11:14:36.192504,287.1,819568.0,970543.0
2025-06-18 11:14:36.330398,287.1,819432.0,971231.0
2025-06-18 11:14:37.213218,287.1,819432.0,971231.0
2025-06-18 11:14:37.430471,287.1,818619.0,972647.0
2025-06-18 11:14:38.190306,287.1,818619.0,972647.0
2025-06-18 11:14:38.431275,287.1,820069.0,971770.0
2025-06-18 11:14:39.189101,287.1,820069.0,971770.0
2025-06-18 11:14:39.544434,287.1,820367.0,971692.0
2025-06-18 11:14:40.188883,287.1,820367.0,971692.0
2025-06-18 11:14:40.729974,287.1,820381.0,971619.0
2025-06-18 11:14:41.195198,287.1,820381.0,971619.0
2025-06-18 11:14:41.830436,287.0,819033.0,973128.0
2025-06-18 11:14:42.188996,287.1,819033.0,973128.0
2025-06-18 11:14:42.834419,287.1,818797.0,973746.0
2025-06-18 11:14:43.201557,287.1,818797.0,973746.0
2025-06-18 11:14:43.836155,287.0,815835.0,973922.0
2025-06-18 11:14:44.189092,287.1,815835.0,973922.0
2025-06-18 11:14:44.834214,287.1,819335.0,973667.0
2025-06-18 11:14:45.188757,287.1,819335.0,973667.0
2025-06-18 11:14:45.837305,287.1,820131.0,972521.0
2025-06-18 11:14:46.192688,287.1,820131.0,972521.0
2025-06-18 11:14:46.838853,287.1,817705.0,973253.0
2025-06-18 11:14:47.193243,287.1,817705.0,973253.0
2025-06-18 11:14:47.839670,286.95,817581.0,974527.0
2025-06-18 11:14:48.195991,287.1,817581.0,974527.0
2025-06-18 11:14:48.937894,287.1,818004.0,974408.0
2025-06-18 11:14:49.189866,287.1,818004.0,974408.0
2025-06-18 11:14:50.051847,287.1,818566.0,974129.0
2025-06-18 11:14:50.190688,287.1,818566.0,974129.0
2025-06-18 11:14:51.055934,287.1,818520.0,974387.0
2025-06-18 11:14:51.192619,287.1,818520.0,974387.0
2025-06-18 11:14:52.056072,286.95,818771.0,976036.0
2025-06-18 11:14:52.213898,287.1,818771.0,976036.0
2025-06-18 11:14:53.146256,287.1,819512.0,975768.0
2025-06-18 11:14:53.212861,287.1,819512.0,975768.0
2025-06-18 11:14:54.145553,287.1,819805.0,975680.0
2025-06-18 11:14:54.190177,287.1,819805.0,975680.0
2025-06-18 11:14:55.147613,287.1,819895.0,975725.0
2025-06-18 11:14:55.189087,287.1,819895.0,975725.0
2025-06-18 11:14:56.149746,287.1,818187.0,975854.0
2025-06-18 11:14:56.193520,287.05,818187.0,975854.0
2025-06-18 11:14:57.152098,287.05,818254.0,978865.0
2025-06-18 11:14:57.188420,287.05,818254.0,978865.0
2025-06-18 11:14:58.153676,287.0,814310.0,984375.0
2025-06-18 11:14:58.211440,287.0,814310.0,984375.0
2025-06-18 11:14:59.190537,287.05,814310.0,984375.0
2025-06-18 11:14:59.249257,287.05,816086.0,979415.0
2025-06-18 11:15:00.190400,287.05,816086.0,979415.0
2025-06-18 11:15:00.347045,287.05,816837.0,979522.0
2025-06-18 11:15:02.197530,287.05,816837.0,979522.0
2025-06-18 11:15:04.193687,287.05,816837.0,979522.0
2025-06-18 11:15:05.450887,287.05,815711.0,980739.0
2025-06-18 11:15:06.956326,287.05,815711.0,980739.0
2025-06-18 11:15:08.192861,287.05,815711.0,980739.0
2025-06-18 11:15:10.513048,287.05,815711.0,980739.0
2025-06-18 11:15:10.661636,287.05,816576.0,979276.0
2025-06-18 11:15:12.195676,287.05,816576.0,979276.0
2025-06-18 11:15:14.206472,287.05,816576.0,979276.0
2025-06-18 11:15:15.757661,287.05,816619.0,978448.0
2025-06-18 11:15:16.197409,287.05,816619.0,978448.0
2025-06-18 11:15:18.198008,287.05,816619.0,978448.0
2025-06-18 11:15:20.198582,287.05,816619.0,978448.0
2025-06-18 11:15:20.671669,287.05,817321.0,977100.0
2025-06-18 11:15:22.196250,287.05,817321.0,977100.0
2025-06-18 11:15:24.194741,287.05,817321.0,977100.0
2025-06-18 11:15:25.565470,287.1,814659.0,978441.0
2025-06-18 11:15:26.197017,287.1,814659.0,978441.0
2025-06-18 11:15:28.203869,287.1,814659.0,978441.0
2025-06-18 11:15:30.194726,287.1,814659.0,978441.0
2025-06-18 11:15:31.269053,287.1,814585.0,977863.0
2025-06-18 11:15:32.196139,287.1,814585.0,977863.0
2025-06-18 11:15:34.213344,287.1,814585.0,977863.0
2025-06-18 11:15:36.194302,287.1,814585.0,977863.0
2025-06-18 11:15:36.931207,287.1,815883.0,977555.0
2025-06-18 11:15:38.211643,287.1,815883.0,977555.0
2025-06-18 11:15:40.196741,287.1,815883.0,977555.0
2025-06-18 11:15:41.979382,287.1,816168.0,978613.0
2025-06-18 11:15:42.198196,287.1,816168.0,978613.0
2025-06-18 11:15:44.202723,287.1,816168.0,978613.0
2025-06-18 11:15:46.214378,287.1,816168.0,978613.0
2025-06-18 11:15:47.179996,287.1,820699.0,978166.0
2025-06-18 11:15:48.073330,287.1,820699.0,978166.0
2025-06-18 11:15:48.199446,287.1,820699.0,978166.0
2025-06-18 11:15:49.095424,287.1,820699.0,978166.0
2025-06-18 11:15:50.200209,287.1,820699.0,978166.0
2025-06-18 11:15:50.938690,287.1,820699.0,978166.0
2025-06-18 11:15:51.788362,287.1,820699.0,978166.0
2025-06-18 11:15:52.197518,287.1,820699.0,978166.0
2025-06-18 11:15:52.569297,287.1,820699.0,978166.0
2025-06-18 11:15:52.687904,287.1,817584.0,978214.0
2025-06-18 11:15:53.575745,287.1,817584.0,978214.0
2025-06-18 11:15:54.131365,287.1,817584.0,978214.0
2025-06-18 11:15:54.198849,287.1,817584.0,978214.0
2025-06-18 11:15:54.540159,287.1,817584.0,978214.0
2025-06-18 11:15:55.034930,287.1,817584.0,978214.0
2025-06-18 11:15:56.200476,287.1,817584.0,978214.0
2025-06-18 11:15:56.295622,287.1,817584.0,978214.0
2025-06-18 11:15:57.587566,287.1,817584.0,978214.0
2025-06-18 11:15:57.887583,287.1,817320.0,979616.0
2025-06-18 11:15:58.242999,287.1,817320.0,979616.0
2025-06-18 11:15:58.429384,287.1,817320.0,979616.0
2025-06-18 11:16:00.114394,287.1,817320.0,979616.0
2025-06-18 11:16:00.195308,287.1,817320.0,979616.0
2025-06-18 11:16:01.251309,287.1,817320.0,979616.0
2025-06-18 11:16:02.200768,287.1,817320.0,979616.0
2025-06-18 11:16:02.398974,287.1,817320.0,979616.0
2025-06-18 11:16:02.406595,287.1,815952.0,979298.0
2025-06-18 11:16:03.197471,287.1,815952.0,979298.0
2025-06-18 11:16:03.883170,287.1,815952.0,979298.0
2025-06-18 11:16:03.890329,287.1,815603.0,980309.0
2025-06-18 11:16:04.197168,287.1,815603.0,980309.0
2025-06-18 11:16:04.889471,287.1,815834.0,980222.0
2025-06-18 11:16:05.203588,287.1,815834.0,980222.0
2025-06-18 11:16:05.889650,287.1,816082.0,980077.0
2025-06-18 11:16:06.197463,287.1,816082.0,980077.0
2025-06-18 11:16:06.890658,287.1,816006.0,981096.0
2025-06-18 11:16:07.200060,287.1,816006.0,981096.0
2025-06-18 11:16:07.892550,286.95,817568.0,979631.0
2025-06-18 11:16:08.728117,287.1,817568.0,979631.0
2025-06-18 11:16:08.791468,287.1,817717.0,981072.0
2025-06-18 11:16:09.198552,287.1,817717.0,981072.0
2025-06-18 11:16:09.693748,286.9,823062.0,981356.0
2025-06-18 11:16:10.442873,287.05,823062.0,981356.0
2025-06-18 11:16:10.694516,287.05,823633.0,981251.0
2025-06-18 11:16:11.198333,287.05,823633.0,981251.0
2025-06-18 11:16:11.692727,287.05,819800.0,982366.0
2025-06-18 11:16:12.202040,287.05,819800.0,982366.0
2025-06-18 11:16:12.693943,287.05,819920.0,981971.0
2025-06-18 11:16:13.198940,287.05,819920.0,981971.0
2025-06-18 11:16:13.595283,287.05,815501.0,981164.0
2025-06-18 11:16:14.197953,287.05,815501.0,981164.0
2025-06-18 11:16:14.494750,287.05,814414.0,981340.0
2025-06-18 11:16:15.199123,287.05,814414.0,981340.0
2025-06-18 11:16:15.496279,287.05,814072.0,982237.0
2025-06-18 11:16:16.209881,287.05,814072.0,982237.0
2025-06-18 11:16:16.496169,287.05,813746.0,982657.0
2025-06-18 11:16:17.202796,287.05,813746.0,982657.0
2025-06-18 11:16:17.497390,287.05,819171.0,982646.0
2025-06-18 11:16:18.197955,287.05,819171.0,982646.0
2025-06-18 11:16:18.496387,287.05,821073.0,982248.0
2025-06-18 11:16:19.205445,287.05,821073.0,982248.0
2025-06-18 11:16:19.496001,287.05,821340.0,982986.0
2025-06-18 11:16:20.203695,287.05,821340.0,982986.0
2025-06-18 11:16:20.597176,287.05,821123.0,982854.0
2025-06-18 11:16:21.230367,287.05,821123.0,982854.0
2025-06-18 11:16:21.698579,287.05,814386.0,984494.0
2025-06-18 11:16:22.200396,287.05,814386.0,984494.0
2025-06-18 11:16:22.697951,287.05,813922.0,985426.0
2025-06-18 11:16:23.199388,287.05,813922.0,985426.0
2025-06-18 11:16:23.598974,287.05,813826.0,985001.0
2025-06-18 11:16:24.199064,287.05,813826.0,985001.0
2025-06-18 11:16:24.601460,286.9,819799.0,983497.0
2025-06-18 11:16:25.199569,287.05,819799.0,983497.0
2025-06-18 11:16:25.602292,287.05,817069.0,983327.0
2025-06-18 11:16:26.200654,287.05,817069.0,983327.0
2025-06-18 11:16:27.201211,287.05,817069.0,983327.0
2025-06-18 11:16:27.210183,287.05,813262.0,983371.0
2025-06-18 11:16:28.205588,287.05,813262.0,983371.0
2025-06-18 11:16:28.322219,287.05,808748.0,985482.0
2025-06-18 11:16:29.205432,287.05,808748.0,985482.0
2025-06-18 11:16:29.308306,287.05,812052.0,986295.0
2025-06-18 11:16:30.229570,287.05,812052.0,986295.0
2025-06-18 11:16:30.408464,287.05,812145.0,984931.0
2025-06-18 11:16:31.199773,287.05,812145.0,984931.0
2025-06-18 11:16:31.409337,287.05,818277.0,985120.0
2025-06-18 11:16:32.204248,287.05,818277.0,985120.0
2025-06-18 11:16:32.609467,287.05,815758.0,984898.0
2025-06-18 11:16:33.202765,287.05,815758.0,984898.0
2025-06-18 11:16:33.510475,287.05,814013.0,985813.0
2025-06-18 11:16:34.203227,287.05,814013.0,985813.0
2025-06-18 11:16:34.512751,287.0,811354.0,987032.0
2025-06-18 11:16:35.207003,287.0,811354.0,987032.0
2025-06-18 11:16:35.509449,287.0,810649.0,986036.0
2025-06-18 11:16:36.333846,287.05,810649.0,986036.0
2025-06-18 11:16:36.511045,287.05,815301.0,985463.0
2025-06-18 11:16:37.199864,287.05,815301.0,985463.0
2025-06-18 11:16:37.511923,286.9,815224.0,985403.0
2025-06-18 11:16:38.236136,287.05,815224.0,985403.0
2025-06-18 11:16:38.413014,287.05,810198.0,985762.0
2025-06-18 11:16:40.292565,287.05,810198.0,985762.0
2025-06-18 11:16:40.327185,287.05,810135.0,986062.0
2025-06-18 11:16:40.329377,287.05,810135.0,986062.0
2025-06-18 11:16:40.511575,287.05,811449.0,985051.0
2025-06-18 11:16:41.211417,287.05,811449.0,985051.0
2025-06-18 11:16:41.416791,287.05,815022.0,982570.0
2025-06-18 11:16:42.210253,287.05,815022.0,982570.0
2025-06-18 11:16:42.417411,287.05,812114.0,983028.0
2025-06-18 11:16:43.204618,287.0,812114.0,983028.0
2025-06-18 11:16:43.417399,287.0,820168.0,985285.0
2025-06-18 11:16:44.202422,287.0,820168.0,985285.0
2025-06-18 11:16:44.316085,287.0,810077.0,985930.0
2025-06-18 11:16:45.207793,287.05,810077.0,985930.0
2025-06-18 11:16:45.317210,287.05,811984.0,985579.0
2025-06-18 11:16:46.204148,287.05,811984.0,985579.0
2025-06-18 11:16:46.420141,287.05,812969.0,985804.0
2025-06-18 11:16:47.208281,287.05,812969.0,985804.0
2025-06-18 11:16:47.416694,287.05,815066.0,986655.0
2025-06-18 11:16:48.218200,287.05,815066.0,986655.0
2025-06-18 11:16:48.417083,287.05,815150.0,986689.0
2025-06-18 11:16:49.205815,287.05,815150.0,986689.0
2025-06-18 11:16:49.418232,287.05,811508.0,986631.0
2025-06-18 11:16:50.206375,287.05,811508.0,986631.0
2025-06-18 11:16:50.519592,287.05,810382.0,987166.0
2025-06-18 11:16:51.215188,287.05,810382.0,987166.0
2025-06-18 11:16:51.619736,287.05,810072.0,987492.0
2025-06-18 11:16:52.215696,287.05,810072.0,987492.0
2025-06-18 11:16:52.521194,287.05,811251.0,986924.0
2025-06-18 11:16:53.206600,287.05,811251.0,986924.0
2025-06-18 11:16:53.619832,287.05,815562.0,986029.0
2025-06-18 11:16:54.203579,287.05,815562.0,986029.0
2025-06-18 11:16:54.524360,287.05,810678.0,986048.0
2025-06-18 11:16:55.206905,287.05,810678.0,986048.0
2025-06-18 11:16:55.623560,287.05,809524.0,987299.0
2025-06-18 11:16:56.206636,287.05,809524.0,987299.0
2025-06-18 11:16:56.721198,287.05,808679.0,986677.0
2025-06-18 11:16:57.205499,287.05,808679.0,986677.0
2025-06-18 11:16:57.725024,286.85,811446.0,986527.0
2025-06-18 11:16:58.207514,287.05,811446.0,986527.0
2025-06-18 11:16:58.839430,287.05,815858.0,986167.0
2025-06-18 11:17:00.409222,287.05,815858.0,986167.0
2025-06-18 11:17:00.446843,287.05,814310.0,987056.0
2025-06-18 11:17:00.450625,287.05,814310.0,987056.0
2025-06-18 11:17:01.728468,287.05,811347.0,984981.0
2025-06-18 11:17:02.209429,287.05,811347.0,984981.0
2025-06-18 11:17:02.826079,287.05,809712.0,985498.0
2025-06-18 11:17:03.203204,287.05,809712.0,985498.0
2025-06-18 11:17:04.211292,287.0,809712.0,985498.0
2025-06-18 11:17:04.328844,287.0,817070.0,986485.0
2025-06-18 11:17:05.206785,287.05,817070.0,986485.0
2025-06-18 11:17:05.326729,287.0,809238.0,988599.0
2025-06-18 11:17:06.209150,287.05,809238.0,988599.0
2025-06-18 11:17:06.327505,287.05,817726.0,986374.0
2025-06-18 11:17:07.207146,287.0,817726.0,986374.0
2025-06-18 11:17:07.328482,287.0,816642.0,988603.0
2025-06-18 11:17:08.206268,287.0,816642.0,988603.0
2025-06-18 11:17:08.428934,287.0,816908.0,988549.0
2025-06-18 11:17:09.207130,287.0,816908.0,988549.0
2025-06-18 11:17:09.430233,287.0,815224.0,988477.0
2025-06-18 11:17:10.210765,287.0,815224.0,988477.0
2025-06-18 11:17:10.327693,287.0,817123.0,988579.0
2025-06-18 11:17:11.209255,287.0,817123.0,988579.0
2025-06-18 11:17:11.330564,287.0,817766.0,988500.0
2025-06-18 11:17:12.206230,287.0,817766.0,988500.0
2025-06-18 11:17:12.430949,287.0,817772.0,988769.0
2025-06-18 11:17:13.204680,287.0,817772.0,988769.0
2025-06-18 11:17:13.433461,287.0,817566.0,988517.0
2025-06-18 11:17:14.208801,287.0,817566.0,988517.0
2025-06-18 11:17:14.532750,287.0,811880.0,988356.0
2025-06-18 11:17:15.210292,287.0,811880.0,988356.0
2025-06-18 11:17:15.532152,287.0,811924.0,988557.0
2025-06-18 11:17:16.206479,287.0,811924.0,988557.0
2025-06-18 11:17:16.637526,287.0,816548.0,987099.0
2025-06-18 11:17:17.208112,287.0,816548.0,987099.0
2025-06-18 11:17:17.737799,286.85,818698.0,987181.0
2025-06-18 11:17:18.245247,287.0,818698.0,987181.0
2025-06-18 11:17:18.834320,287.0,819148.0,985681.0
2025-06-18 11:17:19.207904,287.0,819148.0,985681.0
2025-06-18 11:17:19.838477,287.0,819695.0,988010.0
2025-06-18 11:17:20.209387,287.0,819695.0,988010.0
2025-06-18 11:17:20.961787,287.0,819518.0,987956.0
2025-06-18 11:17:21.208197,287.0,819518.0,987956.0
2025-06-18 11:17:21.937323,287.0,817692.0,987380.0
2025-06-18 11:17:22.208421,287.0,817692.0,987380.0
2025-06-18 11:17:23.039185,287.0,815277.0,987694.0
2025-06-18 11:17:23.206762,287.0,815277.0,987694.0
2025-06-18 11:17:24.040571,287.0,815112.0,988129.0
2025-06-18 11:17:24.207016,287.0,815112.0,988129.0
2025-06-18 11:17:24.949757,287.0,815191.0,988256.0
2025-06-18 11:17:25.210019,287.0,815191.0,988256.0
2025-06-18 11:17:25.941801,287.0,815406.0,985814.0
2025-06-18 11:17:26.210007,287.0,815406.0,985814.0
2025-06-18 11:17:26.945509,287.0,815505.0,986191.0
2025-06-18 11:17:27.208882,287.0,815505.0,986191.0
2025-06-18 11:17:27.948140,286.85,817774.0,988693.0
2025-06-18 11:17:28.208681,287.0,817774.0,988693.0
2025-06-18 11:17:28.942034,287.0,818827.0,988825.0
2025-06-18 11:17:29.209646,287.05,818827.0,988825.0
2025-06-18 11:17:29.945378,287.0,811310.0,987096.0
2025-06-18 11:17:30.208891,287.05,811310.0,987096.0
2025-06-18 11:17:30.947897,287.05,812420.0,987886.0
2025-06-18 11:17:31.208795,287.05,812420.0,987886.0
2025-06-18 11:17:31.948352,287.05,811618.0,988089.0
2025-06-18 11:17:32.209910,287.0,811618.0,988089.0
2025-06-18 11:17:33.098767,287.0,816913.0,989388.0
2025-06-18 11:17:33.211134,287.0,816913.0,989388.0
2025-06-18 11:17:34.154566,287.0,817533.0,988397.0
2025-06-18 11:17:34.208773,287.0,817533.0,988397.0
2025-06-18 11:17:35.209979,287.0,817533.0,988397.0
2025-06-18 11:17:35.652293,287.0,819349.0,989056.0
2025-06-18 11:17:36.209595,287.0,819349.0,989056.0
2025-06-18 11:17:36.750193,287.0,818145.0,989179.0
2025-06-18 11:17:37.208262,287.0,818145.0,989179.0
2025-06-18 11:17:37.752416,287.0,812252.0,989699.0
2025-06-18 11:17:38.208542,287.0,812252.0,989699.0
2025-06-18 11:17:38.851885,287.0,812330.0,989897.0
2025-06-18 11:17:39.210950,287.0,812330.0,989897.0
2025-06-18 11:17:39.850376,287.0,812821.0,990517.0
2025-06-18 11:17:40.209392,287.0,812821.0,990517.0
2025-06-18 11:17:40.753400,287.0,813109.0,989760.0
2025-06-18 11:17:41.216140,287.0,813109.0,989760.0
2025-06-18 11:17:41.850956,287.0,813440.0,989013.0
2025-06-18 11:17:42.209775,287.0,813440.0,989013.0
2025-06-18 11:17:42.953023,286.85,816329.0,988991.0
2025-06-18 11:17:43.212286,287.0,816329.0,988991.0
2025-06-18 11:17:44.052700,286.85,819204.0,988598.0
2025-06-18 11:17:44.209873,286.85,819204.0,988598.0
2025-06-18 11:17:45.158409,286.85,820069.0,988508.0
2025-06-18 11:17:45.208077,287.0,820069.0,988508.0
2025-06-18 11:17:46.210587,287.0,820069.0,988508.0
2025-06-18 11:17:46.253859,287.0,816718.0,988262.0
2025-06-18 11:17:47.211974,286.95,816718.0,988262.0
2025-06-18 11:17:47.355985,286.95,814697.0,990180.0
2025-06-18 11:17:48.209001,286.95,814697.0,990180.0
2025-06-18 11:17:48.353911,286.95,818819.0,988630.0
2025-06-18 11:17:49.207921,286.95,818819.0,988630.0
2025-06-18 11:17:49.355173,286.95,813691.0,985700.0
2025-06-18 11:17:50.213010,287.05,813691.0,985700.0
2025-06-18 11:17:50.254638,287.05,814869.0,986675.0
2025-06-18 11:17:51.232723,287.05,814869.0,986675.0
2025-06-18 11:17:51.357552,287.05,815222.0,988406.0
2025-06-18 11:17:52.207670,287.05,815222.0,988406.0
2025-06-18 11:17:52.458291,287.05,819597.0,988204.0
2025-06-18 11:17:53.207736,287.05,819597.0,988204.0
2025-06-18 11:17:53.559560,287.05,815540.0,987690.0
2025-06-18 11:17:54.209107,287.05,815540.0,987690.0
2025-06-18 11:17:54.564566,287.05,813036.0,988262.0
2025-06-18 11:17:55.211739,287.05,813036.0,988262.0
2025-06-18 11:17:55.461744,286.9,814575.0,988434.0
2025-06-18 11:17:56.208918,287.05,814575.0,988434.0
2025-06-18 11:17:56.697543,287.05,820358.0,988613.0
2025-06-18 11:17:57.212378,287.05,820358.0,988613.0
2025-06-18 11:17:57.665765,287.05,814425.0,986030.0
2025-06-18 11:17:58.207826,286.9,814425.0,986030.0
2025-06-18 11:17:58.762549,286.9,820479.0,987378.0
2025-06-18 11:17:59.211186,287.05,820479.0,987378.0
2025-06-18 11:17:59.764824,287.05,813033.0,988178.0
2025-06-18 11:18:00.237789,287.05,813033.0,988178.0
2025-06-18 11:18:00.865517,287.05,813268.0,988825.0
2025-06-18 11:18:02.072750,287.05,812973.0,989062.0
2025-06-18 11:18:02.243696,287.05,812973.0,989062.0
2025-06-18 11:18:03.167909,287.05,813153.0,988687.0
2025-06-18 11:18:03.209288,287.05,813153.0,988687.0
2025-06-18 11:18:04.074443,287.05,810969.0,989634.0
2025-06-18 11:18:04.207875,287.05,810969.0,989634.0
2025-06-18 11:18:05.069922,287.05,812563.0,989429.0
2025-06-18 11:18:05.216712,287.05,812563.0,989429.0
2025-06-18 11:18:06.078389,286.85,815143.0,987866.0
2025-06-18 11:18:06.206603,287.05,815143.0,987866.0
2025-06-18 11:18:07.168622,287.05,815529.0,988962.0
2025-06-18 11:18:07.214493,287.05,815529.0,988962.0
2025-06-18 11:18:08.170647,287.05,814960.0,989181.0
2025-06-18 11:18:08.233473,287.05,814960.0,989181.0
2025-06-18 11:18:09.080693,287.0,814750.0,989563.0
2025-06-18 11:18:09.207542,287.05,814750.0,989563.0
2025-06-18 11:18:10.484752,287.05,815119.0,989465.0
2025-06-18 11:18:10.487930,287.05,815119.0,989465.0
2025-06-18 11:18:11.106750,286.95,805303.0,991032.0
2025-06-18 11:18:11.215663,286.95,805303.0,991032.0
2025-06-18 11:18:12.211724,286.95,805303.0,991032.0
2025-06-18 11:18:12.671261,286.95,796919.0,992116.0
2025-06-18 11:18:13.239305,286.95,796919.0,992116.0
2025-06-18 11:18:13.777388,286.95,801715.0,991216.0
2025-06-18 11:18:14.206814,286.95,801715.0,991216.0
2025-06-18 11:18:15.124768,286.95,802027.0,991834.0
2025-06-18 11:18:15.208409,286.95,802027.0,991834.0
2025-06-18 11:18:15.872353,286.95,811169.0,991989.0
2025-06-18 11:18:16.207043,286.95,811169.0,991989.0
2025-06-18 11:18:16.973519,286.9,811215.0,992526.0
2025-06-18 11:18:17.206839,286.95,811215.0,992526.0
2025-06-18 11:18:17.974752,286.95,811649.0,992059.0
2025-06-18 11:18:18.206020,286.95,811649.0,992059.0
2025-06-18 11:18:18.975470,286.95,811296.0,993991.0
2025-06-18 11:18:19.211334,286.95,811296.0,993991.0
2025-06-18 11:18:19.975208,286.9,810848.0,996884.0
2025-06-18 11:18:20.211479,286.95,810848.0,996884.0
2025-06-18 11:18:20.975375,286.95,811450.0,996959.0
2025-06-18 11:18:21.263127,286.95,811450.0,996959.0
2025-06-18 11:18:21.975926,286.85,810342.0,995003.0
2025-06-18 11:18:22.206027,286.95,810342.0,995003.0
2025-06-18 11:18:22.977602,286.95,812203.0,993808.0
2025-06-18 11:18:23.206286,286.95,812203.0,993808.0
2025-06-18 11:18:23.979370,286.95,812299.0,991237.0
2025-06-18 11:18:24.207470,286.95,812299.0,991237.0
2025-06-18 11:18:24.978978,286.95,812405.0,993020.0
2025-06-18 11:18:25.209554,286.95,812405.0,993020.0
2025-06-18 11:18:25.978559,286.95,812723.0,995640.0
2025-06-18 11:18:26.209416,286.95,812723.0,995640.0
2025-06-18 11:18:26.980943,286.95,812700.0,993961.0
2025-06-18 11:18:27.208682,286.95,812700.0,993961.0
2025-06-18 11:18:27.980739,286.95,812889.0,995335.0
2025-06-18 11:18:28.258974,286.95,812889.0,995335.0
2025-06-18 11:18:28.982530,286.95,809995.0,992295.0
2025-06-18 11:18:29.225584,287.0,809995.0,992295.0
2025-06-18 11:18:30.094354,287.0,814063.0,993933.0
2025-06-18 11:18:30.208236,287.0,814063.0,993933.0
2025-06-18 11:18:31.185513,287.0,814568.0,993919.0
2025-06-18 11:18:31.208039,287.0,814568.0,993919.0
2025-06-18 11:18:32.184168,287.0,810525.0,994629.0
2025-06-18 11:18:32.213910,287.0,810525.0,994629.0
2025-06-18 11:18:33.240006,287.0,810525.0,994629.0
2025-06-18 11:18:33.284055,287.0,810526.0,994672.0
2025-06-18 11:18:34.922831,287.0,810526.0,994672.0
2025-06-18 11:18:34.925878,287.0,809913.0,994336.0
2025-06-18 11:18:35.213223,287.0,809913.0,994336.0
2025-06-18 11:18:35.485655,287.0,810002.0,994680.0
2025-06-18 11:18:36.208105,287.0,810002.0,994680.0
2025-06-18 11:18:36.384990,287.0,809913.0,994602.0
2025-06-18 11:18:37.213985,287.0,809913.0,994602.0
2025-06-18 11:18:37.487237,287.0,809911.0,994635.0
2025-06-18 11:18:38.218234,287.0,809911.0,994635.0
2025-06-18 11:18:38.486587,287.0,810077.0,994006.0
2025-06-18 11:18:39.205179,287.0,810077.0,994006.0
2025-06-18 11:18:39.486600,287.0,810005.0,994440.0
2025-06-18 11:18:40.209069,287.0,810005.0,994440.0
2025-06-18 11:18:40.593792,287.0,810507.0,991993.0
2025-06-18 11:18:41.207795,287.0,810507.0,991993.0
2025-06-18 11:18:41.686826,287.0,810541.0,993841.0
2025-06-18 11:18:42.207882,287.0,810541.0,993841.0
2025-06-18 11:18:42.686818,287.0,810541.0,994265.0
2025-06-18 11:18:43.212195,287.0,810541.0,994265.0
2025-06-18 11:18:43.692749,287.0,810596.0,991674.0
2025-06-18 11:18:44.215424,287.0,810596.0,991674.0
2025-06-18 11:18:45.186478,287.0,810697.0,994144.0
2025-06-18 11:18:45.206954,287.0,810697.0,994144.0
2025-06-18 11:18:46.191292,287.0,810694.0,994473.0
2025-06-18 11:18:46.207099,287.0,810694.0,994473.0
2025-06-18 11:18:47.228182,287.0,810694.0,994473.0
2025-06-18 11:18:47.287318,287.0,810694.0,993727.0
2025-06-18 11:18:48.208626,287.0,810694.0,993727.0
2025-06-18 11:18:48.387379,287.0,810796.0,994407.0
2025-06-18 11:18:48.476401,287.0,810796.0,994407.0
2025-06-18 11:18:49.211420,287.0,810796.0,994407.0
2025-06-18 11:18:49.489065,287.0,810455.0,994144.0
2025-06-18 11:18:49.551484,287.0,810455.0,994144.0
2025-06-18 11:18:50.208961,287.0,810455.0,994144.0
2025-06-18 11:18:50.462731,287.0,810455.0,994144.0
2025-06-18 11:18:50.489031,287.0,810893.0,994151.0
2025-06-18 11:18:51.208155,287.0,810893.0,994151.0
2025-06-18 11:18:51.408884,287.0,810893.0,994151.0
2025-06-18 11:18:51.597093,287.0,810989.0,993932.0
2025-06-18 11:18:52.215580,287.0,810989.0,993932.0
2025-06-18 11:18:52.256061,287.0,810989.0,993932.0
2025-06-18 11:18:52.691725,287.0,811081.0,993590.0
2025-06-18 11:18:53.043168,287.0,811081.0,993590.0
2025-06-18 11:18:53.207004,287.0,811081.0,993590.0
2025-06-18 11:18:53.692332,287.0,809579.0,990148.0
2025-06-18 11:18:54.055126,287.0,809579.0,990148.0
2025-06-18 11:18:54.207279,287.05,809579.0,990148.0
2025-06-18 11:18:54.621911,287.05,809579.0,990148.0
2025-06-18 11:18:54.691756,287.05,808617.0,988876.0
2025-06-18 11:18:55.038493,287.05,808617.0,988876.0
2025-06-18 11:18:55.206549,287.05,808617.0,988876.0
2025-06-18 11:18:55.519981,287.05,808617.0,988876.0
2025-06-18 11:18:55.602256,287.05,807544.0,988805.0
2025-06-18 11:18:55.894941,287.05,807544.0,988805.0
2025-06-18 11:18:56.216287,287.05,807544.0,988805.0
2025-06-18 11:18:56.693927,287.0,811420.0,990123.0
2025-06-18 11:18:56.786202,287.0,811420.0,990123.0
2025-06-18 11:18:57.210681,287.0,811420.0,990123.0
2025-06-18 11:18:57.603913,287.0,809050.0,990966.0
2025-06-18 11:18:58.034060,287.0,809050.0,990966.0
2025-06-18 11:18:58.209225,287.0,809050.0,990966.0
2025-06-18 11:18:58.696497,287.0,810295.0,989393.0
2025-06-18 11:18:58.903426,287.0,810295.0,989393.0
2025-06-18 11:18:59.208208,287.0,810295.0,989393.0
2025-06-18 11:18:59.693991,287.0,811531.0,989172.0
2025-06-18 11:19:00.211958,287.0,811531.0,989172.0
2025-06-18 11:19:00.281871,287.0,811531.0,989172.0
2025-06-18 11:19:00.702234,287.0,809072.0,988883.0
2025-06-18 11:19:01.213522,287.05,809072.0,988883.0
2025-06-18 11:19:01.569551,287.05,809072.0,988883.0
2025-06-18 11:19:02.713859,287.05,809072.0,988883.0
2025-06-18 11:19:03.215370,287.05,809072.0,988883.0
2025-06-18 11:19:04.184591,287.05,809072.0,988883.0
2025-06-18 11:19:05.216789,287.05,809072.0,988883.0
2025-06-18 11:19:05.798358,287.05,809628.0,989118.0
2025-06-18 11:19:07.216866,287.05,809628.0,989118.0
2025-06-18 11:19:09.215021,287.05,809628.0,989118.0
2025-06-18 11:19:11.110136,287.05,809186.0,988137.0
2025-06-18 11:19:11.213040,287.05,809186.0,988137.0
2025-06-18 11:19:13.221350,287.0,809186.0,988137.0
2025-06-18 11:19:15.212633,287.0,809186.0,988137.0
2025-06-18 11:19:16.306754,287.0,817891.0,986200.0
2025-06-18 11:19:17.218663,287.0,817891.0,986200.0
2025-06-18 11:19:19.214154,287.0,817891.0,986200.0
2025-06-18 11:19:21.408894,287.0,816405.0,987747.0
2025-06-18 11:19:23.216406,287.05,816405.0,987747.0
2025-06-18 11:19:25.215512,287.05,816405.0,987747.0
2025-06-18 11:19:26.614854,287.0,819739.0,987099.0
2025-06-18 11:19:27.216946,287.05,819739.0,987099.0
2025-06-18 11:19:29.216493,287.05,819739.0,987099.0
2025-06-18 11:19:31.217948,287.05,819739.0,987099.0
2025-06-18 11:19:31.617061,287.05,824486.0,974370.0
2025-06-18 11:19:33.215591,287.05,824486.0,974370.0
2025-06-18 11:19:35.220989,287.05,824486.0,974370.0
2025-06-18 11:19:36.516052,287.05,824812.0,972682.0
2025-06-18 11:19:37.218756,287.05,824812.0,972682.0
2025-06-18 11:19:39.226502,287.05,824812.0,972682.0
2025-06-18 11:19:41.215635,287.05,824812.0,972682.0
2025-06-18 11:19:41.428708,287.05,824071.0,973286.0
2025-06-18 11:19:43.257998,287.05,824071.0,973286.0
2025-06-18 11:19:45.215838,287.1,824071.0,973286.0
2025-06-18 11:19:46.321297,287.1,839092.0,958130.0
2025-06-18 11:19:47.217999,287.15,839092.0,958130.0
2025-06-18 11:19:49.269990,287.15,839092.0,958130.0
2025-06-18 11:19:51.257126,287.15,839092.0,958130.0
2025-06-18 11:19:51.525586,287.15,838503.0,964567.0
2025-06-18 11:19:53.224619,287.2,838503.0,964567.0
2025-06-18 11:19:55.224024,287.3,838503.0,964567.0
2025-06-18 11:19:57.052722,287.3,847975.0,948031.0
2025-06-18 11:19:57.216584,287.3,847975.0,948031.0
2025-06-18 11:20:00.483634,287.3,847975.0,948031.0
2025-06-18 11:20:01.222412,287.3,847975.0,948031.0
2025-06-18 11:20:02.034594,287.3,852250.0,946597.0
2025-06-18 11:20:03.216620,287.3,852250.0,946597.0
2025-06-18 11:20:05.224352,287.3,852250.0,946597.0
2025-06-18 11:20:06.215287,287.3,852250.0,946597.0
2025-06-18 11:20:06.943058,287.3,852904.0,946963.0
2025-06-18 11:20:07.215409,287.3,852904.0,946963.0
2025-06-18 11:20:08.216060,287.3,852904.0,946963.0
2025-06-18 11:20:09.217323,287.3,852904.0,946963.0
2025-06-18 11:20:10.216900,287.3,852904.0,946963.0
2025-06-18 11:20:11.215681,287.3,852904.0,946963.0
2025-06-18 11:20:11.542573,287.25,852187.0,946780.0
2025-06-18 11:20:12.215344,287.3,852187.0,946780.0
2025-06-18 11:20:13.218548,287.35,852187.0,946780.0
2025-06-18 11:20:14.211745,287.3,852187.0,946780.0
2025-06-18 11:20:16.248104,287.3,859003.0,934525.0
2025-06-18 11:20:17.216605,287.35,859003.0,934525.0
2025-06-18 11:20:18.221466,287.35,859003.0,934525.0
2025-06-18 11:20:19.243775,287.35,859003.0,934525.0
2025-06-18 11:20:20.216415,287.35,859003.0,934525.0
2025-06-18 11:20:20.855754,287.35,853985.0,938837.0
2025-06-18 11:20:21.235561,287.4,853985.0,938837.0
2025-06-18 11:20:22.214277,287.4,853985.0,938837.0
2025-06-18 11:20:23.248866,287.4,853985.0,938837.0
2025-06-18 11:20:24.212740,287.4,853985.0,938837.0
2025-06-18 11:20:25.212804,287.4,853985.0,938837.0
2025-06-18 11:20:26.163645,287.4,853653.0,938911.0
2025-06-18 11:20:26.215244,287.4,853653.0,938911.0
2025-06-18 11:20:27.217311,287.4,853653.0,938911.0
2025-06-18 11:20:28.213751,287.4,853653.0,938911.0
2025-06-18 11:20:29.221576,287.45,853653.0,938911.0
2025-06-18 11:20:31.167967,287.45,852201.0,936655.0
2025-06-18 11:20:31.217900,287.45,852201.0,936655.0
2025-06-18 11:20:32.219810,287.45,852201.0,936655.0
2025-06-18 11:20:33.213984,287.45,852201.0,936655.0
2025-06-18 11:20:34.218585,287.45,852201.0,936655.0
2025-06-18 11:20:35.215788,287.45,852201.0,936655.0
2025-06-18 11:20:36.066847,287.45,854779.0,936264.0
2025-06-18 11:20:36.219078,287.45,854779.0,936264.0
2025-06-18 11:20:37.216068,287.4,854779.0,936264.0
2025-06-18 11:20:38.216518,287.45,854779.0,936264.0
2025-06-18 11:20:39.213769,287.45,854779.0,936264.0
2025-06-18 11:20:40.224297,287.45,854779.0,936264.0
2025-06-18 11:20:40.967700,287.4,851560.0,941204.0
2025-06-18 11:20:41.216528,287.45,851560.0,941204.0
2025-06-18 11:20:42.218456,287.45,851560.0,941204.0
2025-06-18 11:20:43.236300,287.45,851560.0,941204.0
2025-06-18 11:20:44.223041,287.45,851560.0,941204.0
2025-06-18 11:20:45.218740,287.4,851560.0,941204.0
2025-06-18 11:20:46.213948,287.4,851560.0,941204.0
2025-06-18 11:20:47.293335,287.4,851560.0,941204.0
2025-06-18 11:20:48.214326,287.45,851560.0,941204.0
2025-06-18 11:20:49.216794,287.45,851560.0,941204.0
2025-06-18 11:20:50.221573,287.45,851560.0,941204.0
2025-06-18 11:20:50.772126,287.45,851210.0,951872.0
2025-06-18 11:20:51.227506,287.45,851210.0,951872.0
2025-06-18 11:20:52.211634,287.45,851210.0,951872.0
2025-06-18 11:20:53.219332,287.45,851210.0,951872.0
2025-06-18 11:20:54.221962,287.4,851210.0,951872.0
2025-06-18 11:20:55.218563,287.4,851210.0,951872.0
2025-06-18 11:20:55.976802,287.4,855441.0,953976.0
2025-06-18 11:20:56.254376,287.4,855441.0,953976.0
2025-06-18 11:20:57.221821,287.4,855441.0,953976.0
2025-06-18 11:20:58.220594,287.4,855441.0,953976.0
2025-06-18 11:20:59.219294,287.4,855441.0,953976.0
2025-06-18 11:21:00.217293,287.4,855441.0,953976.0
2025-06-18 11:21:00.777701,287.4,851329.0,954265.0
2025-06-18 11:21:01.213317,287.4,851329.0,954265.0
2025-06-18 11:21:02.214686,287.4,851329.0,954265.0
2025-06-18 11:21:03.238167,287.4,851329.0,954265.0
2025-06-18 11:21:04.218797,287.4,851329.0,954265.0
2025-06-18 11:21:05.218124,287.4,851329.0,954265.0
2025-06-18 11:21:05.476658,287.35,851850.0,951544.0
2025-06-18 11:21:06.223891,287.4,851850.0,951544.0
2025-06-18 11:21:07.214617,287.4,851850.0,951544.0
2025-06-18 11:21:08.217156,287.4,851850.0,951544.0
2025-06-18 11:21:09.217203,287.4,851850.0,951544.0
2025-06-18 11:21:10.216800,287.4,851850.0,951544.0
2025-06-18 11:21:10.396216,287.4,855155.0,952946.0
2025-06-18 11:21:11.219179,287.4,855155.0,952946.0
2025-06-18 11:21:12.216787,287.4,855155.0,952946.0
2025-06-18 11:21:13.250584,287.4,855155.0,952946.0
2025-06-18 11:21:14.214126,287.4,855155.0,952946.0
2025-06-18 11:21:15.092969,287.4,854632.0,953771.0
2025-06-18 11:21:15.234606,287.4,854632.0,953771.0
2025-06-18 11:21:16.218888,287.4,854632.0,953771.0
2025-06-18 11:21:17.260673,287.4,854632.0,953771.0
2025-06-18 11:21:18.218959,287.4,854632.0,953771.0
2025-06-18 11:21:19.216206,287.4,854632.0,953771.0
2025-06-18 11:21:19.790033,287.4,854890.0,954973.0
2025-06-18 11:21:20.217805,287.4,854890.0,954973.0
2025-06-18 11:21:21.226889,287.4,854890.0,954973.0
2025-06-18 11:21:22.219174,287.4,854890.0,954973.0
2025-06-18 11:21:23.216468,287.45,854890.0,954973.0
2025-06-18 11:21:24.793132,287.45,861237.0,952365.0
2025-06-18 11:21:25.224540,287.45,861237.0,952365.0
2025-06-18 11:21:26.219516,287.45,861237.0,952365.0
2025-06-18 11:21:27.227883,287.4,861237.0,952365.0
2025-06-18 11:21:28.218024,287.45,861237.0,952365.0
2025-06-18 11:21:29.218869,287.45,861237.0,952365.0
2025-06-18 11:21:29.990992,287.45,862010.0,951705.0
2025-06-18 11:21:30.218919,287.45,862010.0,951705.0
2025-06-18 11:21:31.218671,287.45,862010.0,951705.0
2025-06-18 11:21:32.217118,287.45,862010.0,951705.0
2025-06-18 11:21:33.219025,287.45,862010.0,951705.0
2025-06-18 11:21:34.219274,287.45,862010.0,951705.0
2025-06-18 11:21:34.995806,287.45,860633.0,950909.0
2025-06-18 11:21:35.218618,287.45,860633.0,950909.0
2025-06-18 11:21:36.217478,287.45,860633.0,950909.0
2025-06-18 11:21:37.220580,287.45,860633.0,950909.0
2025-06-18 11:21:38.227442,287.45,860633.0,950909.0
2025-06-18 11:21:39.246039,287.45,860633.0,950909.0
2025-06-18 11:21:39.624912,287.45,859886.0,950821.0
2025-06-18 11:21:40.218389,287.45,859886.0,950821.0
2025-06-18 11:21:41.219067,287.45,859886.0,950821.0
2025-06-18 11:21:42.222567,287.45,859886.0,950821.0
2025-06-18 11:21:43.219391,287.45,859886.0,950821.0
2025-06-18 11:21:44.124254,287.45,858552.0,950735.0
2025-06-18 11:21:44.220581,287.45,858552.0,950735.0
2025-06-18 11:21:45.221544,287.45,858552.0,950735.0
2025-06-18 11:21:46.229459,287.4,858552.0,950735.0
2025-06-18 11:21:47.234632,287.4,858552.0,950735.0
2025-06-18 11:21:48.222405,287.4,858552.0,950735.0
2025-06-18 11:21:48.905849,287.4,862407.0,953196.0
2025-06-18 11:21:49.055696,287.4,862407.0,953196.0
2025-06-18 11:21:49.225269,287.4,862407.0,953196.0
2025-06-18 11:21:50.217594,287.4,862407.0,953196.0
2025-06-18 11:21:50.227730,287.4,862407.0,953196.0
2025-06-18 11:21:51.059735,287.4,862407.0,953196.0
2025-06-18 11:21:51.252262,287.4,862407.0,953196.0
2025-06-18 11:21:52.585925,287.4,862407.0,953196.0
2025-06-18 11:21:52.595299,287.4,862407.0,953196.0
2025-06-18 11:21:52.854282,287.4,862407.0,953196.0
2025-06-18 11:21:53.252996,287.4,862407.0,953196.0
2025-06-18 11:21:53.640569,287.4,862407.0,953196.0
2025-06-18 11:21:53.908862,287.4,860337.0,950817.0
2025-06-18 11:21:54.220690,287.4,860337.0,950817.0
2025-06-18 11:21:54.663023,287.4,860337.0,950817.0
2025-06-18 11:21:55.227452,287.4,860337.0,950817.0
2025-06-18 11:21:55.246749,287.4,860337.0,950817.0
2025-06-18 11:21:56.121140,287.4,860337.0,950817.0
2025-06-18 11:21:56.217900,287.4,860337.0,950817.0
2025-06-18 11:21:56.484782,287.4,860337.0,950817.0
2025-06-18 11:21:57.231232,287.4,860337.0,950817.0
2025-06-18 11:21:57.365087,287.4,860337.0,950817.0
2025-06-18 11:21:58.224057,287.4,860337.0,950817.0
2025-06-18 11:21:58.710318,287.4,860337.0,950817.0
2025-06-18 11:21:59.256189,287.4,860337.0,950817.0
2025-06-18 11:21:59.256487,287.4,858893.0,952011.0
2025-06-18 11:21:59.515219,287.4,858893.0,952011.0
2025-06-18 11:22:00.225884,287.4,858893.0,952011.0
2025-06-18 11:22:00.887021,287.4,858893.0,952011.0
2025-06-18 11:22:01.215263,287.4,858893.0,952011.0
2025-06-18 11:22:02.019896,287.4,858893.0,952011.0
2025-06-18 11:22:02.221910,287.4,858893.0,952011.0
2025-06-18 11:22:03.224387,287.4,858893.0,952011.0
2025-06-18 11:22:03.395671,287.4,858893.0,952011.0
2025-06-18 11:22:05.178422,287.4,859040.0,950528.0
2025-06-18 11:22:05.184853,287.4,859040.0,950528.0
2025-06-18 11:22:05.226088,287.4,859040.0,950528.0
2025-06-18 11:22:05.231825,287.4,859040.0,950528.0
2025-06-18 11:22:06.222360,287.4,859040.0,950528.0
2025-06-18 11:22:07.221409,287.4,859040.0,950528.0
2025-06-18 11:22:08.220144,287.4,859040.0,950528.0
2025-06-18 11:22:08.917011,287.4,859507.0,952939.0
2025-06-18 11:22:09.220469,287.4,859507.0,952939.0
2025-06-18 11:22:10.218830,287.4,859507.0,952939.0
2025-06-18 11:22:11.303107,287.4,859507.0,952939.0
2025-06-18 11:22:12.219621,287.4,859507.0,952939.0
2025-06-18 11:22:13.222993,287.4,859507.0,952939.0
2025-06-18 11:22:14.023827,287.4,859612.0,951866.0
2025-06-18 11:22:14.219725,287.4,859612.0,951866.0
2025-06-18 11:22:15.220590,287.4,859612.0,951866.0
2025-06-18 11:22:16.230011,287.4,859612.0,951866.0
2025-06-18 11:22:17.221929,287.4,859612.0,951866.0
2025-06-18 11:22:18.221854,287.4,859612.0,951866.0
2025-06-18 11:22:19.352912,287.4,844950.0,942826.0
2025-06-18 11:22:19.357728,287.4,844950.0,942826.0
2025-06-18 11:22:20.225154,287.4,844950.0,942826.0
2025-06-18 11:22:21.221562,287.4,844950.0,942826.0
2025-06-18 11:22:22.249880,287.4,844950.0,942826.0
2025-06-18 11:22:23.222733,287.4,844950.0,942826.0
2025-06-18 11:22:24.030128,287.4,859983.0,942469.0
2025-06-18 11:22:24.223304,287.4,859983.0,942469.0
2025-06-18 11:22:25.228992,287.4,859983.0,942469.0
2025-06-18 11:22:26.231989,287.4,859983.0,942469.0
2025-06-18 11:22:27.267889,287.4,859983.0,942469.0
2025-06-18 11:22:28.245402,287.4,859983.0,942469.0
2025-06-18 11:22:28.933595,287.4,859360.0,942808.0
2025-06-18 11:22:29.219884,287.4,859360.0,942808.0
2025-06-18 11:22:30.220475,287.4,859360.0,942808.0
2025-06-18 11:22:31.222000,287.4,859360.0,942808.0
2025-06-18 11:22:32.248181,287.4,859360.0,942808.0
2025-06-18 11:22:33.227005,287.4,859360.0,942808.0
2025-06-18 11:22:33.833647,287.25,860380.0,947472.0
2025-06-18 11:22:34.246722,287.4,860380.0,947472.0
2025-06-18 11:22:35.219525,287.25,860380.0,947472.0
2025-06-18 11:22:36.220797,287.25,860380.0,947472.0
2025-06-18 11:22:37.220787,287.25,860380.0,947472.0
2025-06-18 11:22:38.253828,287.25,860380.0,947472.0
2025-06-18 11:22:38.836221,287.25,849179.0,963387.0
2025-06-18 11:22:39.228499,287.25,849179.0,963387.0
2025-06-18 11:22:40.227128,287.25,849179.0,963387.0
2025-06-18 11:22:41.224756,287.25,849179.0,963387.0
2025-06-18 11:22:42.222008,287.25,849179.0,963387.0
2025-06-18 11:22:43.221031,287.25,849179.0,963387.0
2025-06-18 11:22:43.940536,287.25,848666.0,957976.0
2025-06-18 11:22:45.130577,287.25,848666.0,957976.0
2025-06-18 11:22:45.245122,287.25,848666.0,957976.0
2025-06-18 11:22:46.231071,287.25,848666.0,957976.0
2025-06-18 11:22:47.222322,287.25,848666.0,957976.0
2025-06-18 11:22:48.230446,287.25,848666.0,957976.0
2025-06-18 11:22:49.220465,287.25,848666.0,957976.0
2025-06-18 11:22:49.346103,287.25,846851.0,968228.0
2025-06-18 11:22:50.227640,287.25,846851.0,968228.0
2025-06-18 11:22:51.224210,287.25,846851.0,968228.0
2025-06-18 11:22:52.256078,287.25,846851.0,968228.0
2025-06-18 11:22:53.223626,287.25,846851.0,968228.0
2025-06-18 11:22:54.229450,287.25,846851.0,968228.0
2025-06-18 11:22:54.262305,287.25,842000.0,967321.0
2025-06-18 11:22:55.225293,287.25,842000.0,967321.0
2025-06-18 11:22:56.230118,287.25,842000.0,967321.0
2025-06-18 11:22:57.221782,287.25,842000.0,967321.0
2025-06-18 11:22:58.228120,287.25,842000.0,967321.0
2025-06-18 11:22:58.953578,287.05,845866.0,970103.0
2025-06-18 11:22:59.236667,287.25,845866.0,970103.0
2025-06-18 11:23:00.236686,287.25,845866.0,970103.0
2025-06-18 11:23:01.220995,287.25,845866.0,970103.0
2025-06-18 11:23:02.236188,287.25,845866.0,970103.0
2025-06-18 11:23:03.229801,287.25,845866.0,970103.0
2025-06-18 11:23:03.855932,287.25,833834.0,970716.0
2025-06-18 11:23:04.225227,287.25,833834.0,970716.0
2025-06-18 11:23:05.223356,287.25,833834.0,970716.0
2025-06-18 11:23:06.226201,287.25,833834.0,970716.0
2025-06-18 11:23:07.225846,287.25,833834.0,970716.0
2025-06-18 11:23:08.224658,287.25,833834.0,970716.0
2025-06-18 11:23:08.956008,287.25,833720.0,970708.0
2025-06-18 11:23:09.222001,287.25,833720.0,970708.0
2025-06-18 11:23:10.225151,287.25,833720.0,970708.0
2025-06-18 11:23:11.223358,287.25,833720.0,970708.0
2025-06-18 11:23:12.571166,287.25,833720.0,970708.0
2025-06-18 11:23:13.235712,287.25,833720.0,970708.0
2025-06-18 11:23:13.694838,287.25,834622.0,968677.0
2025-06-18 11:23:14.230940,287.25,834622.0,968677.0
2025-06-18 11:23:15.229958,287.25,834622.0,968677.0
2025-06-18 11:23:17.232837,287.25,834622.0,968677.0
2025-06-18 11:23:18.962041,287.25,832616.0,972205.0
2025-06-18 11:23:20.225618,287.25,832616.0,972205.0
2025-06-18 11:23:23.236482,287.2,832616.0,972205.0
2025-06-18 11:23:24.464409,287.2,829082.0,979565.0
2025-06-18 11:23:25.232459,287.2,829082.0,979565.0
2025-06-18 11:23:27.229587,287.2,829082.0,979565.0
2025-06-18 11:23:29.245016,287.2,829082.0,979565.0
2025-06-18 11:23:29.872793,287.2,831116.0,977359.0
2025-06-18 11:23:31.248943,287.2,831116.0,977359.0
2025-06-18 11:23:33.231265,287.2,831116.0,977359.0
2025-06-18 11:23:35.079466,287.2,834336.0,974730.0
2025-06-18 11:23:35.229555,287.2,834336.0,974730.0
2025-06-18 11:23:37.234609,287.2,834336.0,974730.0
2025-06-18 11:23:39.230466,287.2,834336.0,974730.0
2025-06-18 11:23:40.081044,287.2,830654.0,975715.0
2025-06-18 11:23:41.243787,287.2,830654.0,975715.0
2025-06-18 11:23:43.235113,287.2,830654.0,975715.0
2025-06-18 11:23:44.979748,287.2,836976.0,973997.0
2025-06-18 11:23:45.232689,287.2,836976.0,973997.0
2025-06-18 11:23:47.233008,287.2,836976.0,973997.0
2025-06-18 11:23:49.349102,287.2,836976.0,973997.0
2025-06-18 11:23:49.784907,287.2,835672.0,974692.0
2025-06-18 11:23:51.235346,287.2,835672.0,974692.0
2025-06-18 11:23:53.234050,287.2,835672.0,974692.0
2025-06-18 11:23:54.586384,287.05,835805.0,977547.0
2025-06-18 11:23:55.236482,287.2,835805.0,977547.0
2025-06-18 11:23:57.234733,287.2,835805.0,977547.0
2025-06-18 11:23:59.237153,287.2,835805.0,977547.0
2025-06-18 11:23:59.594441,287.2,835479.0,973168.0
2025-06-18 11:24:01.231760,287.2,835479.0,973168.0
2025-06-18 11:24:03.234926,287.2,835479.0,973168.0
2025-06-18 11:24:04.495841,287.2,840436.0,974700.0
2025-06-18 11:24:05.237519,287.2,840436.0,974700.0
2025-06-18 11:24:07.240999,287.2,840436.0,974700.0
2025-06-18 11:24:09.237842,287.2,840436.0,974700.0
2025-06-18 11:24:09.396117,287.2,840966.0,976801.0
2025-06-18 11:24:11.244390,287.2,840966.0,976801.0
2025-06-18 11:24:13.233894,287.2,840966.0,976801.0
2025-06-18 11:24:14.303315,287.2,840714.0,972658.0
2025-06-18 11:24:15.238268,287.2,840714.0,972658.0
2025-06-18 11:24:17.358796,287.2,840714.0,972658.0
2025-06-18 11:24:19.268175,287.2,840714.0,972658.0
2025-06-18 11:24:19.301848,287.2,837265.0,974546.0
2025-06-18 11:24:21.233312,287.2,837265.0,974546.0
2025-06-18 11:24:23.236460,287.2,837265.0,974546.0
2025-06-18 11:24:24.305091,287.2,841274.0,975300.0
2025-06-18 11:24:25.233834,287.2,841274.0,975300.0
2025-06-18 11:24:27.233418,287.2,841274.0,975300.0
2025-06-18 11:24:29.246224,287.2,841274.0,975300.0
2025-06-18 11:24:29.707084,287.2,840837.0,973781.0
2025-06-18 11:24:31.260159,287.2,840837.0,973781.0
2025-06-18 11:24:33.277395,287.2,840837.0,973781.0
2025-06-18 11:24:34.507641,287.2,833141.0,975397.0
2025-06-18 11:24:35.241028,287.2,833141.0,975397.0
2025-06-18 11:24:37.261064,287.2,833141.0,975397.0
2025-06-18 11:24:39.238413,287.2,833141.0,975397.0
2025-06-18 11:24:39.407788,287.2,833584.0,971581.0
2025-06-18 11:24:41.232762,287.2,833584.0,971581.0
2025-06-18 11:24:43.235034,287.2,833584.0,971581.0
2025-06-18 11:24:44.110656,287.2,833134.0,972706.0
2025-06-18 11:24:45.229484,287.2,833134.0,972706.0
2025-06-18 11:24:47.240604,287.2,833134.0,972706.0
2025-06-18 11:24:49.449513,287.2,833134.0,972706.0
2025-06-18 11:24:49.454322,287.2,832825.0,972496.0
2025-06-18 11:24:49.495909,287.2,832825.0,972496.0
2025-06-18 11:24:50.572727,287.2,832825.0,972496.0
2025-06-18 11:24:51.251152,287.2,832825.0,972496.0
2025-06-18 11:24:51.483953,287.2,832825.0,972496.0
2025-06-18 11:24:52.411545,287.2,832825.0,972496.0
2025-06-18 11:24:53.233944,287.25,832825.0,972496.0
2025-06-18 11:24:53.274567,287.25,832825.0,972496.0
2025-06-18 11:24:54.046891,287.25,832825.0,972496.0
2025-06-18 11:24:54.320498,287.25,835919.0,973810.0
2025-06-18 11:24:55.066680,287.25,835919.0,973810.0
2025-06-18 11:24:55.311500,287.25,835919.0,973810.0
2025-06-18 11:24:55.665332,287.25,835919.0,973810.0
2025-06-18 11:24:56.063393,287.25,835919.0,973810.0
2025-06-18 11:24:57.231198,287.25,835919.0,973810.0
2025-06-18 11:24:57.790702,287.25,835919.0,973810.0
2025-06-18 11:24:59.033751,287.25,835919.0,973810.0
2025-06-18 11:24:59.121762,287.25,835898.0,975301.0
2025-06-18 11:24:59.232813,287.25,835898.0,975301.0
2025-06-18 11:24:59.912912,287.25,835898.0,975301.0
2025-06-18 11:25:01.226070,287.25,835898.0,975301.0
2025-06-18 11:25:01.284950,287.25,835898.0,975301.0
2025-06-18 11:25:02.426158,287.25,835898.0,975301.0
2025-06-18 11:25:03.232714,287.25,835898.0,975301.0
2025-06-18 11:25:03.556325,287.25,835898.0,975301.0
2025-06-18 11:25:04.027767,287.2,835383.0,978680.0
2025-06-18 11:25:05.015440,287.2,835383.0,978680.0
2025-06-18 11:25:05.243187,287.2,835383.0,978680.0
2025-06-18 11:25:07.233798,287.2,835383.0,978680.0
2025-06-18 11:25:09.229445,287.2,835383.0,978680.0
2025-06-18 11:25:09.433308,287.2,835016.0,975696.0
2025-06-18 11:25:11.265100,287.15,835016.0,975696.0
2025-06-18 11:25:13.256721,287.15,835016.0,975696.0
2025-06-18 11:25:15.033203,287.2,835643.0,974475.0
2025-06-18 11:25:15.229771,287.2,835643.0,974475.0
2025-06-18 11:25:17.227806,287.2,835643.0,974475.0
2025-06-18 11:25:19.230279,287.2,835643.0,974475.0
2025-06-18 11:25:20.338324,287.2,833291.0,976180.0
2025-06-18 11:25:21.230463,287.2,833291.0,976180.0
2025-06-18 11:25:23.366289,287.2,833291.0,976180.0
2025-06-18 11:25:25.232500,287.2,833291.0,976180.0
2025-06-18 11:25:25.442751,287.2,833468.0,976725.0
2025-06-18 11:25:27.229672,287.2,833468.0,976725.0
2025-06-18 11:25:29.233083,287.2,833468.0,976725.0
2025-06-18 11:25:30.442816,287.2,834211.0,976765.0
2025-06-18 11:25:31.233831,287.2,834211.0,976765.0
2025-06-18 11:25:33.231341,287.15,834211.0,976765.0
2025-06-18 11:25:35.243609,287.15,834211.0,976765.0
2025-06-18 11:25:35.343499,287.15,830748.0,979795.0
2025-06-18 11:25:37.230535,287.15,830748.0,979795.0
2025-06-18 11:25:39.908916,287.1,830748.0,979795.0
2025-06-18 11:25:40.248244,287.1,824408.0,983130.0
2025-06-18 11:25:41.227126,287.1,824408.0,983130.0
2025-06-18 11:25:43.230823,287.1,824408.0,983130.0
2025-06-18 11:25:44.848792,287.1,816770.0,986474.0
2025-06-18 11:25:45.231571,287.1,816770.0,986474.0
2025-06-18 11:25:47.233899,287.1,816770.0,986474.0
2025-06-18 11:25:49.227575,287.1,816770.0,986474.0
2025-06-18 11:25:50.057265,287.1,818483.0,984477.0
2025-06-18 11:25:51.234838,287.1,818483.0,984477.0
2025-06-18 11:25:53.235172,287.1,818483.0,984477.0
2025-06-18 11:25:55.235751,287.1,818483.0,984477.0
2025-06-18 11:25:55.350411,287.1,818732.0,987303.0
2025-06-18 11:25:57.244523,287.1,818732.0,987303.0
2025-06-18 11:25:59.228243,287.1,818732.0,987303.0
2025-06-18 11:26:00.668596,287.1,817266.0,987179.0
2025-06-18 11:26:01.231448,287.1,817266.0,987179.0
2025-06-18 11:26:03.252860,287.1,817266.0,987179.0
2025-06-18 11:26:05.246646,287.1,817266.0,987179.0
2025-06-18 11:26:05.858463,287.0,817469.0,985115.0
2025-06-18 11:26:07.236139,287.1,817469.0,985115.0
2025-06-18 11:26:09.255075,287.1,817469.0,985115.0
2025-06-18 11:26:10.761656,287.1,817925.0,984249.0
2025-06-18 11:26:11.401057,287.1,817925.0,984249.0
2025-06-18 11:26:13.232808,287.1,817925.0,984249.0
2025-06-18 11:26:15.250185,287.1,817925.0,984249.0
2025-06-18 11:26:15.566255,287.1,818309.0,983655.0
2025-06-18 11:26:17.231321,287.1,818309.0,983655.0
2025-06-18 11:26:19.250663,287.1,818309.0,983655.0
2025-06-18 11:26:20.567150,287.1,817554.0,987724.0
2025-06-18 11:26:21.291709,287.1,817554.0,987724.0
2025-06-18 11:26:23.270149,287.1,817554.0,987724.0
2025-06-18 11:26:25.276017,287.1,817554.0,987724.0
2025-06-18 11:26:25.370804,287.1,817659.0,984679.0
2025-06-18 11:26:27.237859,287.1,817659.0,984679.0
2025-06-18 11:26:29.259598,287.1,817659.0,984679.0
2025-06-18 11:26:30.271280,287.1,817932.0,983689.0
2025-06-18 11:26:31.236630,287.1,817932.0,983689.0
2025-06-18 11:26:33.247683,287.1,817932.0,983689.0
2025-06-18 11:26:35.230790,287.1,817932.0,983689.0
2025-06-18 11:26:35.275338,287.1,818294.0,984748.0
2025-06-18 11:26:37.254649,287.1,818294.0,984748.0
2025-06-18 11:26:39.244610,287.1,818294.0,984748.0
2025-06-18 11:26:40.077235,287.1,820350.0,984366.0
2025-06-18 11:26:41.245706,287.1,820350.0,984366.0
2025-06-18 11:26:43.255145,287.1,820350.0,984366.0
2025-06-18 11:26:45.231419,287.1,820350.0,984366.0
2025-06-18 11:26:45.480406,286.95,816675.0,982125.0
2025-06-18 11:26:47.240116,287.1,816675.0,982125.0
2025-06-18 11:26:49.239887,287.1,816675.0,982125.0
2025-06-18 11:26:50.487804,287.1,815924.0,984217.0
2025-06-18 11:26:51.236613,287.05,815924.0,984217.0
2025-06-18 11:26:53.240120,287.05,815924.0,984217.0
2025-06-18 11:26:55.238798,287.05,815924.0,984217.0
2025-06-18 11:26:55.389622,287.05,816867.0,983850.0
2025-06-18 11:26:57.235528,287.05,816867.0,983850.0
2025-06-18 11:26:59.248035,287.05,816867.0,983850.0
2025-06-18 11:27:00.594458,287.05,811377.0,985507.0
2025-06-18 11:27:01.240056,287.05,811377.0,985507.0
2025-06-18 11:27:03.238416,287.05,811377.0,985507.0
2025-06-18 11:27:05.248095,287.1,811377.0,985507.0
2025-06-18 11:27:05.597322,287.1,815862.0,983771.0
2025-06-18 11:27:07.261677,287.1,815862.0,983771.0
2025-06-18 11:27:09.249091,287.1,815862.0,983771.0
2025-06-18 11:27:10.500871,287.1,816865.0,982628.0
2025-06-18 11:27:11.254806,287.1,816865.0,982628.0
2025-06-18 11:27:13.241504,287.1,816865.0,982628.0
2025-06-18 11:27:15.259254,287.1,816865.0,982628.0
2025-06-18 11:27:15.502121,287.1,817526.0,982765.0
2025-06-18 11:27:17.253470,287.1,817526.0,982765.0
2025-06-18 11:27:20.441965,287.1,817526.0,982765.0
2025-06-18 11:27:20.520547,287.1,817144.0,981816.0
2025-06-18 11:27:21.239783,287.1,817144.0,981816.0
2025-06-18 11:27:23.288311,287.1,817144.0,981816.0
2025-06-18 11:27:25.287696,287.1,817144.0,981816.0
2025-06-18 11:27:25.305831,287.1,817072.0,982739.0
2025-06-18 11:27:27.292205,287.1,817072.0,982739.0
2025-06-18 11:27:29.287589,287.1,817072.0,982739.0
2025-06-18 11:27:30.226588,287.1,817530.0,980634.0
2025-06-18 11:27:31.284715,287.1,817530.0,980634.0
2025-06-18 11:27:33.257529,287.1,817530.0,980634.0
2025-06-18 11:27:35.259510,287.1,817530.0,980634.0
2025-06-18 11:27:35.513947,287.1,816530.0,982564.0
2025-06-18 11:27:37.246210,287.15,816530.0,982564.0
2025-06-18 11:27:39.240191,287.1,816530.0,982564.0
2025-06-18 11:27:40.517097,287.1,816779.0,984433.0
2025-06-18 11:27:41.249931,287.1,816779.0,984433.0
2025-06-18 11:27:43.246086,287.1,816779.0,984433.0
2025-06-18 11:27:45.239827,287.1,816779.0,984433.0
2025-06-18 11:27:46.226353,287.1,814285.0,988742.0
2025-06-18 11:27:47.241697,287.1,814285.0,988742.0
2025-06-18 11:27:49.242281,287.1,814285.0,988742.0
2025-06-18 11:27:49.920613,287.1,814285.0,988742.0
2025-06-18 11:27:51.004722,287.1,814285.0,988742.0
2025-06-18 11:27:51.237843,287.1,814285.0,988742.0
2025-06-18 11:27:51.922859,287.1,814285.0,988742.0
2025-06-18 11:27:52.322834,287.05,815513.0,990726.0
2025-06-18 11:27:52.853776,287.05,815513.0,990726.0
2025-06-18 11:27:53.242641,287.05,815513.0,990726.0
2025-06-18 11:27:53.764775,287.05,815513.0,990726.0
2025-06-18 11:27:54.492445,287.05,815513.0,990726.0
2025-06-18 11:27:55.245772,287.05,815513.0,990726.0
2025-06-18 11:27:55.512869,287.05,815513.0,990726.0
2025-06-18 11:27:56.070389,287.05,815513.0,990726.0
2025-06-18 11:27:57.243737,287.1,815513.0,990726.0
2025-06-18 11:27:57.337158,287.1,815513.0,990726.0
2025-06-18 11:27:57.625196,287.1,813381.0,988386.0
2025-06-18 11:27:58.264376,287.1,813381.0,988386.0
2025-06-18 11:27:59.237030,287.1,813381.0,988386.0
2025-06-18 11:27:59.459652,287.1,813381.0,988386.0
2025-06-18 11:28:00.328329,287.1,813381.0,988386.0
2025-06-18 11:28:01.234463,287.1,813381.0,988386.0
2025-06-18 11:28:01.724714,287.1,813381.0,988386.0
2025-06-18 11:28:02.225817,287.1,814453.0,987982.0
2025-06-18 11:28:02.862081,287.1,814453.0,987982.0
2025-06-18 11:28:03.236603,287.1,814453.0,987982.0
2025-06-18 11:28:03.971879,287.1,814453.0,987982.0
2025-06-18 11:28:05.237117,287.1,814453.0,987982.0
2025-06-18 11:28:05.604501,287.1,814453.0,987982.0
2025-06-18 11:28:07.131354,287.05,816162.0,989046.0
2025-06-18 11:28:07.239001,287.05,816162.0,989046.0
2025-06-18 11:28:10.487192,287.05,816162.0,989046.0
2025-06-18 11:28:11.242232,287.1,816162.0,989046.0
2025-06-18 11:28:11.832781,287.1,819363.0,987237.0
2025-06-18 11:28:13.245787,287.1,819363.0,987237.0
2025-06-18 11:28:15.242352,287.1,819363.0,987237.0
2025-06-18 11:28:16.741194,287.1,819479.0,986721.0
2025-06-18 11:28:17.244795,287.1,819479.0,986721.0
2025-06-18 11:28:19.241706,287.1,819479.0,986721.0
2025-06-18 11:28:21.239325,287.1,819479.0,986721.0
2025-06-18 11:28:22.703124,287.05,824210.0,980451.0
2025-06-18 11:28:23.245221,287.1,824210.0,980451.0
2025-06-18 11:28:25.246639,287.1,824210.0,980451.0
2025-06-18 11:28:27.243674,287.1,824210.0,980451.0
2025-06-18 11:28:27.441670,287.1,824038.0,981110.0
2025-06-18 11:28:29.246500,287.15,824038.0,981110.0
2025-06-18 11:28:31.242300,287.15,824038.0,981110.0
2025-06-18 11:28:32.444709,287.15,825014.0,980717.0
2025-06-18 11:28:33.239377,287.15,825014.0,980717.0
2025-06-18 11:28:35.240712,287.15,825014.0,980717.0
2025-06-18 11:28:37.244963,287.15,825014.0,980717.0
2025-06-18 11:28:37.254959,287.15,826159.0,978985.0
2025-06-18 11:28:39.245590,287.15,826159.0,978985.0
2025-06-18 11:28:41.247146,287.15,826159.0,978985.0
2025-06-18 11:28:42.257927,287.15,825850.0,978291.0
2025-06-18 11:28:43.240287,287.15,825850.0,978291.0
2025-06-18 11:28:45.243113,287.1,825850.0,978291.0
2025-06-18 11:28:47.340853,287.15,825850.0,978291.0
2025-06-18 11:28:47.371423,287.15,823074.0,980936.0
2025-06-18 11:28:49.241668,287.1,823074.0,980936.0
2025-06-18 11:28:51.247489,287.1,823074.0,980936.0
2025-06-18 11:28:52.363273,287.1,827452.0,981689.0
2025-06-18 11:28:53.243721,287.1,827452.0,981689.0
2025-06-18 11:28:55.247316,287.1,827452.0,981689.0
2025-06-18 11:28:57.200775,287.1,828324.0,983216.0
2025-06-18 11:28:57.262982,287.1,828324.0,983216.0
2025-06-18 11:28:59.243392,287.1,828324.0,983216.0
2025-06-18 11:29:01.241325,287.1,828324.0,983216.0
2025-06-18 11:29:01.767530,287.1,827137.0,983914.0
2025-06-18 11:29:03.257308,287.1,827137.0,983914.0
2025-06-18 11:29:05.275664,287.1,827137.0,983914.0
2025-06-18 11:29:06.565653,287.1,830678.0,984738.0
2025-06-18 11:29:07.245754,287.1,830678.0,984738.0
2025-06-18 11:29:09.272903,287.1,830678.0,984738.0
2025-06-18 11:29:11.267917,287.1,830678.0,984738.0
2025-06-18 11:29:11.701056,287.1,826996.0,984060.0
2025-06-18 11:29:13.249409,287.1,826996.0,984060.0
2025-06-18 11:29:15.271935,287.1,826996.0,984060.0
2025-06-18 11:29:16.976662,287.1,827611.0,984155.0
