timestamp,ltp,bid_qty,ask_qty
2025-06-18 11:01:36.658365,1431.3,306881.0,727490.0
2025-06-18 11:01:37.138721,1431.2,306881.0,727490.0
2025-06-18 11:01:37.442326,1431.2,307156.0,727470.0
2025-06-18 11:01:38.537904,1431.2,306894.0,727481.0
2025-06-18 11:01:39.131397,1431.3,306894.0,727481.0
2025-06-18 11:01:39.540503,1431.2,306946.0,728162.0
2025-06-18 11:01:40.130116,1431.3,306946.0,728162.0
2025-06-18 11:01:40.645012,1431.3,307546.0,728256.0
2025-06-18 11:01:41.131368,1431.3,307546.0,728256.0
2025-06-18 11:01:41.645131,1431.2,307931.0,728138.0
2025-06-18 11:01:42.136503,1431.2,307931.0,728138.0
2025-06-18 11:01:42.743208,1431.3,307456.0,728038.0
2025-06-18 11:01:43.132703,1431.3,307456.0,728038.0
2025-06-18 11:01:43.849758,1431.2,307410.0,727600.0
2025-06-18 11:01:44.182964,1431.2,307410.0,727600.0
2025-06-18 11:01:44.949325,1431.2,307445.0,727581.0
2025-06-18 11:01:45.147446,1431.4,307445.0,727581.0
2025-06-18 11:01:45.996444,1431.4,307422.0,728609.0
2025-06-18 11:01:47.046792,1431.4,306938.0,728547.0
2025-06-18 11:01:48.136850,1431.4,306938.0,728547.0
2025-06-18 11:01:48.154248,1431.4,307509.0,728524.0
2025-06-18 11:01:49.174143,1431.3,307509.0,728524.0
2025-06-18 11:01:49.182276,1431.3,307477.0,728529.0
2025-06-18 11:01:50.133250,1431.4,307477.0,728529.0
2025-06-18 11:01:50.150815,1431.4,307414.0,728562.0
2025-06-18 11:01:51.144021,1431.4,307414.0,728562.0
2025-06-18 11:01:51.659590,1431.4,305205.0,726916.0
2025-06-18 11:01:52.135598,1431.4,305205.0,726916.0
2025-06-18 11:01:52.653764,1431.4,305234.0,727103.0
2025-06-18 11:01:53.135523,1431.4,305234.0,727103.0
2025-06-18 11:01:53.754825,1431.5,305743.0,726668.0
2025-06-18 11:01:54.201103,1431.5,305743.0,726668.0
2025-06-18 11:01:54.752952,1431.5,305770.0,726935.0
2025-06-18 11:01:55.143911,1431.4,305770.0,726935.0
2025-06-18 11:01:55.752417,1431.5,305640.0,725639.0
2025-06-18 11:01:56.201738,1431.7,305640.0,725639.0
2025-06-18 11:01:56.853953,1431.7,307323.0,722124.0
2025-06-18 11:01:57.144952,1431.7,307323.0,722124.0
2025-06-18 11:01:57.976949,1431.7,307336.0,724293.0
2025-06-18 11:01:58.975032,1431.7,304887.0,725062.0
2025-06-18 11:01:59.137448,1431.7,304887.0,725062.0
2025-06-18 11:01:59.965182,1431.5,306794.0,725330.0
2025-06-18 11:02:00.137455,1431.5,306794.0,725330.0
2025-06-18 11:02:01.660919,1431.7,308014.0,725029.0
2025-06-18 11:02:02.136750,1431.7,308014.0,725029.0
2025-06-18 11:02:02.754226,1431.7,308005.0,725070.0
2025-06-18 11:02:03.140100,1431.7,308005.0,725070.0
2025-06-18 11:02:05.162200,1431.7,308069.0,725394.0
2025-06-18 11:02:05.165007,1431.7,308069.0,725394.0
2025-06-18 11:02:05.202116,1431.7,310068.0,725216.0
2025-06-18 11:02:05.204848,1431.7,310068.0,725216.0
2025-06-18 11:02:05.856199,1431.7,310363.0,724543.0
2025-06-18 11:02:06.140650,1431.7,310363.0,724543.0
2025-06-18 11:02:06.980620,1431.7,312292.0,724215.0
2025-06-18 11:02:07.140350,1431.7,312292.0,724215.0
2025-06-18 11:02:07.858718,1431.7,311931.0,723989.0
2025-06-18 11:02:08.138794,1431.7,311931.0,723989.0
2025-06-18 11:02:09.058740,1431.7,311533.0,724005.0
2025-06-18 11:02:09.136043,1431.7,311533.0,724005.0
2025-06-18 11:02:10.145793,1431.7,311533.0,724005.0
2025-06-18 11:02:10.172058,1431.7,311834.0,723897.0
2025-06-18 11:02:11.140492,1431.7,311834.0,723897.0
2025-06-18 11:02:11.762598,1431.7,312278.0,724519.0
2025-06-18 11:02:12.138587,1431.7,312278.0,724519.0
2025-06-18 11:02:12.764705,1431.7,312483.0,724389.0
2025-06-18 11:02:13.144505,1431.7,312483.0,724389.0
2025-06-18 11:02:13.665938,1431.7,312642.0,724409.0
2025-06-18 11:02:14.139788,1431.7,312642.0,724409.0
2025-06-18 11:02:15.164041,1431.8,309868.0,722893.0
2025-06-18 11:02:15.165493,1431.8,309868.0,722893.0
2025-06-18 11:02:15.866846,1431.7,310230.0,724444.0
2025-06-18 11:02:16.186449,1431.7,310230.0,724444.0
2025-06-18 11:02:16.981965,1431.7,309512.0,724915.0
2025-06-18 11:02:17.140224,1431.7,309512.0,724915.0
2025-06-18 11:02:18.068446,1431.8,310564.0,725681.0
2025-06-18 11:02:18.137566,1431.8,310564.0,725681.0
2025-06-18 11:02:19.068286,1431.8,310079.0,724282.0
2025-06-18 11:02:19.135467,1431.8,310079.0,724282.0
2025-06-18 11:02:20.175858,1431.8,312194.0,724174.0
2025-06-18 11:02:21.137019,1431.8,312194.0,724174.0
2025-06-18 11:02:21.268845,1431.8,311884.0,722273.0
2025-06-18 11:02:22.141543,1431.8,311884.0,722273.0
2025-06-18 11:02:22.369355,1431.8,311874.0,723162.0
2025-06-18 11:02:23.478924,1431.8,312542.0,723068.0
2025-06-18 11:02:24.153527,1431.9,312542.0,723068.0
2025-06-18 11:02:24.484303,1431.9,309378.0,724284.0
2025-06-18 11:02:25.483793,1431.9,308805.0,723818.0
2025-06-18 11:02:26.145922,1431.9,308805.0,723818.0
2025-06-18 11:02:26.574292,1431.9,309092.0,724515.0
2025-06-18 11:02:27.144294,1431.9,309092.0,724515.0
2025-06-18 11:02:27.674124,1431.9,308421.0,724278.0
2025-06-18 11:02:28.139433,1431.8,308421.0,724278.0
2025-06-18 11:02:28.773225,1431.8,308800.0,724397.0
2025-06-18 11:02:29.778726,1431.8,308849.0,724148.0
2025-06-18 11:02:30.152525,1431.4,308849.0,724148.0
2025-06-18 11:02:30.877259,1431.4,315987.0,724909.0
2025-06-18 11:02:31.137927,1431.4,315987.0,724909.0
2025-06-18 11:02:32.001751,1431.4,315382.0,726363.0
2025-06-18 11:02:32.143176,1431.4,315382.0,726363.0
2025-06-18 11:02:33.077871,1431.4,311191.0,725913.0
2025-06-18 11:02:33.143228,1431.4,311191.0,725913.0
2025-06-18 11:02:34.142379,1431.5,311191.0,725913.0
2025-06-18 11:02:34.183169,1431.5,310785.0,727011.0
2025-06-18 11:02:35.276529,1431.5,310712.0,727569.0
2025-06-18 11:02:36.146129,1431.5,310712.0,727569.0
2025-06-18 11:02:36.281208,1431.5,310733.0,728247.0
2025-06-18 11:02:37.278230,1431.5,309160.0,727333.0
2025-06-18 11:02:38.140985,1431.5,309160.0,727333.0
2025-06-18 11:02:38.380920,1431.5,309133.0,728435.0
2025-06-18 11:02:39.143524,1431.4,309133.0,728435.0
2025-06-18 11:02:39.488130,1431.4,308255.0,728218.0
2025-06-18 11:02:40.141683,1431.5,308255.0,728218.0
2025-06-18 11:02:40.583675,1431.5,308252.0,728173.0
2025-06-18 11:02:41.138121,1431.4,308252.0,728173.0
2025-06-18 11:02:41.684933,1431.4,308543.0,728209.0
2025-06-18 11:02:42.695076,1431.5,308494.0,728144.0
2025-06-18 11:02:43.144265,1431.5,308494.0,728144.0
2025-06-18 11:02:43.784663,1431.5,308029.0,728526.0
2025-06-18 11:02:44.146885,1431.5,308029.0,728526.0
2025-06-18 11:02:45.141789,1431.4,308029.0,728526.0
2025-06-18 11:02:45.285056,1431.4,308564.0,728290.0
2025-06-18 11:02:46.146039,1431.5,308564.0,728290.0
2025-06-18 11:02:46.287086,1431.5,308565.0,728294.0
2025-06-18 11:02:47.148818,1431.5,308565.0,728294.0
2025-06-18 11:02:47.288252,1431.5,308565.0,728294.0
2025-06-18 11:02:48.143548,1431.5,308565.0,728294.0
2025-06-18 11:02:48.287697,1431.5,310251.0,727255.0
2025-06-18 11:02:49.145466,1431.5,310251.0,727255.0
2025-06-18 11:02:49.287328,1431.5,309751.0,728206.0
2025-06-18 11:02:50.141546,1431.4,309751.0,728206.0
2025-06-18 11:02:50.186650,1431.4,309641.0,728365.0
2025-06-18 11:02:51.227771,1431.5,309641.0,728365.0
2025-06-18 11:02:51.290435,1431.5,309715.0,728116.0
2025-06-18 11:02:52.142967,1431.5,309715.0,728116.0
2025-06-18 11:02:52.387169,1431.5,309954.0,728197.0
2025-06-18 11:02:53.292951,1431.5,310242.0,728143.0
2025-06-18 11:02:54.145904,1431.5,310242.0,728143.0
2025-06-18 11:02:54.292084,1431.5,310284.0,728184.0
2025-06-18 11:02:55.198664,1431.5,310284.0,728207.0
2025-06-18 11:02:56.143714,1431.5,310284.0,728207.0
2025-06-18 11:02:56.193475,1431.5,310230.0,727938.0
2025-06-18 11:02:57.146355,1431.5,310230.0,727938.0
2025-06-18 11:02:57.198777,1431.5,310230.0,727965.0
2025-06-18 11:02:58.200137,1431.5,310330.0,727993.0
2025-06-18 11:02:59.143777,1431.7,310330.0,727993.0
2025-06-18 11:02:59.294344,1431.7,307573.0,725761.0
2025-06-18 11:03:00.147327,1431.6,307573.0,725761.0
2025-06-18 11:03:00.295346,1431.6,305860.0,726912.0
2025-06-18 11:03:01.898795,1431.6,305677.0,727103.0
2025-06-18 11:03:02.139755,1431.6,305677.0,727103.0
2025-06-18 11:03:02.899291,1431.6,305643.0,728049.0
2025-06-18 11:03:03.143659,1431.6,305643.0,728049.0
2025-06-18 11:03:03.899035,1431.7,306045.0,728004.0
2025-06-18 11:03:04.148303,1431.4,306045.0,728004.0
2025-06-18 11:03:04.800076,1431.8,305805.0,726915.0
2025-06-18 11:03:05.143030,1431.8,305805.0,726915.0
2025-06-18 11:03:05.798537,1431.8,305153.0,727576.0
2025-06-18 11:03:06.143365,1431.7,305153.0,727576.0
2025-06-18 11:03:06.810191,1431.8,306808.0,728730.0
2025-06-18 11:03:07.145082,1431.8,306808.0,728730.0
2025-06-18 11:03:08.145701,1431.8,306808.0,728730.0
2025-06-18 11:03:08.403048,1431.8,305426.0,728277.0
2025-06-18 11:03:09.146997,1431.8,305426.0,728277.0
2025-06-18 11:03:09.599739,1431.8,305439.0,727371.0
2025-06-18 11:03:11.002831,1431.8,305156.0,727488.0
2025-06-18 11:03:11.146722,1431.8,305156.0,727488.0
2025-06-18 11:03:12.142699,1431.8,305156.0,727488.0
2025-06-18 11:03:12.200545,1431.8,305210.0,727209.0
2025-06-18 11:03:13.143350,1431.5,305210.0,727209.0
2025-06-18 11:03:13.303072,1431.5,307033.0,727472.0
2025-06-18 11:03:14.149963,1431.3,307033.0,727472.0
2025-06-18 11:03:14.403355,1431.5,307192.0,727825.0
2025-06-18 11:03:15.142065,1431.5,307192.0,727825.0
2025-06-18 11:03:15.506066,1431.6,307137.0,728008.0
2025-06-18 11:03:16.147621,1431.3,307137.0,728008.0
2025-06-18 11:03:16.504155,1431.6,307348.0,728434.0
2025-06-18 11:03:17.146551,1431.4,307348.0,728434.0
2025-06-18 11:03:17.603574,1431.4,306985.0,729311.0
2025-06-18 11:03:18.704142,1431.5,307220.0,729159.0
2025-06-18 11:03:19.147081,1431.5,307220.0,729159.0
2025-06-18 11:03:19.805234,1431.4,307773.0,729656.0
2025-06-18 11:03:20.152052,1431.4,307773.0,729656.0
2025-06-18 11:03:20.910795,1431.4,308085.0,729207.0
2025-06-18 11:03:21.805846,1431.4,308234.0,729251.0
2025-06-18 11:03:22.907043,1431.4,308235.0,729251.0
2025-06-18 11:03:23.149354,1431.5,308235.0,729251.0
2025-06-18 11:03:24.008297,1431.5,308244.0,729211.0
2025-06-18 11:03:24.150299,1431.5,308244.0,729211.0
2025-06-18 11:03:25.108492,1431.4,308361.0,729339.0
2025-06-18 11:03:25.145769,1431.4,308361.0,729339.0
2025-06-18 11:03:26.148891,1431.5,308361.0,729339.0
2025-06-18 11:03:26.209247,1431.5,307495.0,727632.0
2025-06-18 11:03:27.146288,1431.5,307495.0,727632.0
2025-06-18 11:03:27.307395,1431.3,307341.0,728469.0
2025-06-18 11:03:28.148704,1431.3,307341.0,728469.0
2025-06-18 11:03:28.307389,1431.3,309599.0,728500.0
2025-06-18 11:03:29.148394,1431.5,309599.0,728500.0
2025-06-18 11:03:29.309636,1431.5,310099.0,728215.0
2025-06-18 11:03:30.145645,1431.4,310099.0,728215.0
2025-06-18 11:03:30.411903,1431.4,307030.0,729155.0
2025-06-18 11:03:31.152029,1431.4,307030.0,729155.0
2025-06-18 11:03:31.512439,1431.4,307341.0,728721.0
2025-06-18 11:03:32.614723,1431.5,308042.0,728624.0
2025-06-18 11:03:33.146842,1431.4,308042.0,728624.0
2025-06-18 11:03:33.714760,1431.4,308278.0,729618.0
2025-06-18 11:03:34.815607,1431.4,308294.0,729626.0
2025-06-18 11:03:35.819186,1431.5,310338.0,729299.0
2025-06-18 11:03:36.222417,1431.5,310338.0,729299.0
2025-06-18 11:03:36.917415,1431.5,309389.0,729528.0
2025-06-18 11:03:37.917487,1431.5,309389.0,729259.0
2025-06-18 11:03:38.151022,1431.5,309389.0,729259.0
2025-06-18 11:03:39.017086,1431.5,309200.0,729461.0
2025-06-18 11:03:39.146782,1431.5,309200.0,729461.0
2025-06-18 11:03:40.121591,1431.4,309204.0,729476.0
2025-06-18 11:03:40.145700,1431.4,309204.0,729476.0
2025-06-18 11:03:41.168971,1431.4,309204.0,729476.0
2025-06-18 11:03:41.218821,1431.4,309277.0,729143.0
2025-06-18 11:03:42.155686,1431.5,309277.0,729143.0
2025-06-18 11:03:42.317601,1431.5,309277.0,729142.0
2025-06-18 11:03:43.154101,1431.5,309277.0,729142.0
2025-06-18 11:03:43.224633,1431.5,309094.0,728615.0
2025-06-18 11:03:44.154613,1431.5,309094.0,728615.0
2025-06-18 11:03:44.317920,1431.5,309140.0,728880.0
2025-06-18 11:03:45.420319,1431.4,308999.0,728621.0
2025-06-18 11:03:46.053290,1431.4,308999.0,728621.0
2025-06-18 11:03:46.168372,1431.5,308999.0,728621.0
2025-06-18 11:03:46.520583,1431.5,309012.0,727616.0
2025-06-18 11:03:47.079350,1431.5,309012.0,727616.0
2025-06-18 11:03:47.422797,1431.5,306523.0,725216.0
2025-06-18 11:03:47.993099,1431.5,306523.0,725216.0
2025-06-18 11:03:48.162026,1431.4,306523.0,725216.0
2025-06-18 11:03:48.522932,1431.4,309864.0,726793.0
2025-06-18 11:03:48.901956,1431.4,309864.0,726793.0
2025-06-18 11:03:49.623506,1431.5,309863.0,727104.0
2025-06-18 11:03:49.748835,1431.5,309863.0,727104.0
2025-06-18 11:03:50.155475,1431.5,309863.0,727104.0
2025-06-18 11:03:50.557347,1431.5,309863.0,727104.0
2025-06-18 11:03:50.720814,1431.5,309591.0,726575.0
2025-06-18 11:03:51.167150,1431.5,309591.0,726575.0
2025-06-18 11:03:51.591334,1431.5,309591.0,726575.0
2025-06-18 11:03:51.723046,1431.5,309089.0,726328.0
2025-06-18 11:03:52.193290,1431.5,309089.0,726328.0
2025-06-18 11:03:52.201675,1431.5,309089.0,726328.0
2025-06-18 11:03:52.724319,1431.5,309589.0,726448.0
2025-06-18 11:03:53.077299,1431.5,309589.0,726448.0
2025-06-18 11:03:54.183259,1431.5,309589.0,726448.0
2025-06-18 11:03:54.423537,1431.7,309002.0,726830.0
2025-06-18 11:03:54.471199,1431.7,309002.0,726830.0
2025-06-18 11:03:55.160945,1431.7,309002.0,726830.0
2025-06-18 11:03:55.325051,1431.7,309512.0,726607.0
2025-06-18 11:03:55.733693,1431.7,309512.0,726607.0
2025-06-18 11:03:56.162399,1431.5,309512.0,726607.0
2025-06-18 11:03:56.327588,1431.6,305669.0,726761.0
2025-06-18 11:03:56.587141,1431.6,305669.0,726761.0
2025-06-18 11:04:00.410373,1431.7,305669.0,726761.0
2025-06-18 11:04:00.456484,1431.7,305705.0,726428.0
2025-06-18 11:04:00.462428,1431.7,305705.0,726428.0
2025-06-18 11:04:00.504262,1431.7,305705.0,726428.0
2025-06-18 11:04:00.509272,1431.7,305734.0,726088.0
2025-06-18 11:04:00.512524,1431.5,305734.0,726088.0
2025-06-18 11:04:00.545834,1431.5,305734.0,726088.0
2025-06-18 11:04:00.546807,1431.5,305612.0,725684.0
2025-06-18 11:04:00.580661,1431.5,305612.0,725684.0
2025-06-18 11:04:00.583516,1431.5,305543.0,726096.0
2025-06-18 11:04:01.830858,1431.7,306310.0,725516.0
2025-06-18 11:04:01.928077,1431.7,306310.0,725516.0
2025-06-18 11:04:02.178256,1431.7,306310.0,725516.0
2025-06-18 11:04:02.731161,1431.7,306328.0,725500.0
2025-06-18 11:04:03.831392,1431.7,312869.0,725836.0
2025-06-18 11:04:04.161945,1431.5,312869.0,725836.0
2025-06-18 11:04:04.832730,1431.7,312814.0,725912.0
2025-06-18 11:04:05.195857,1431.7,312814.0,725912.0
2025-06-18 11:04:05.832581,1431.7,311288.0,726373.0
2025-06-18 11:04:06.155431,1431.7,311288.0,726373.0
2025-06-18 11:04:06.733703,1431.6,312378.0,726565.0
2025-06-18 11:04:07.171603,1431.6,312378.0,726565.0
2025-06-18 11:04:07.731168,1431.6,312680.0,726271.0
2025-06-18 11:04:08.165188,1431.6,312680.0,726271.0
2025-06-18 11:04:08.848591,1431.7,312602.0,725703.0
2025-06-18 11:04:09.152482,1431.7,312602.0,725703.0
2025-06-18 11:04:09.939329,1431.7,312601.0,725715.0
2025-06-18 11:04:10.164099,1431.7,312601.0,725715.0
2025-06-18 11:04:10.941086,1431.7,312604.0,725864.0
2025-06-18 11:04:11.158499,1431.7,312604.0,725864.0
2025-06-18 11:04:12.037447,1431.7,312565.0,725502.0
2025-06-18 11:04:12.159946,1431.7,312565.0,725502.0
2025-06-18 11:04:13.145103,1431.7,312541.0,725504.0
2025-06-18 11:04:13.153180,1431.7,312541.0,725504.0
2025-06-18 11:04:14.155408,1431.7,312541.0,725504.0
2025-06-18 11:04:14.238812,1431.7,312394.0,726152.0
2025-06-18 11:04:15.155325,1431.7,312394.0,726152.0
2025-06-18 11:04:15.340074,1431.7,312882.0,725923.0
2025-06-18 11:04:16.160824,1431.7,312882.0,725923.0
2025-06-18 11:04:16.241726,1431.7,312416.0,725888.0
2025-06-18 11:04:17.154726,1431.6,312416.0,725888.0
2025-06-18 11:04:17.243528,1431.6,312398.0,725705.0
2025-06-18 11:04:18.149134,1431.6,313443.0,725659.0
2025-06-18 11:04:19.245615,1431.6,313416.0,725386.0
2025-06-18 11:04:20.153768,1431.7,313416.0,725386.0
2025-06-18 11:04:20.255320,1431.7,313303.0,725654.0
2025-06-18 11:04:21.168215,1431.8,313303.0,725654.0
2025-06-18 11:04:21.456810,1431.8,312850.0,724271.0
2025-06-18 11:04:22.159981,1431.7,312850.0,724271.0
2025-06-18 11:04:22.462372,1431.8,312197.0,724995.0
2025-06-18 11:04:23.155229,1431.8,312197.0,724995.0
2025-06-18 11:04:23.558543,1431.8,312283.0,725038.0
2025-06-18 11:04:24.159516,1431.8,312283.0,725038.0
2025-06-18 11:04:24.661726,1431.6,312229.0,725015.0
2025-06-18 11:04:25.157692,1431.6,312229.0,725015.0
2025-06-18 11:04:25.755634,1431.8,312248.0,724822.0
2025-06-18 11:04:26.153189,1431.8,312248.0,724822.0
2025-06-18 11:04:26.858606,1431.6,312288.0,724746.0
2025-06-18 11:04:27.157519,1431.8,312288.0,724746.0
2025-06-18 11:04:27.967147,1431.8,312390.0,724819.0
2025-06-18 11:04:28.152695,1431.8,312390.0,724819.0
2025-06-18 11:04:28.858376,1431.8,312352.0,724604.0
2025-06-18 11:04:29.154142,1431.8,312352.0,724604.0
2025-06-18 11:04:29.860197,1431.8,312425.0,725293.0
2025-06-18 11:04:30.151769,1431.6,312425.0,725293.0
2025-06-18 11:04:30.862448,1431.6,312066.0,725823.0
2025-06-18 11:04:31.970138,1431.8,312059.0,725440.0
2025-06-18 11:04:32.154241,1431.8,312059.0,725440.0
2025-06-18 11:04:33.031941,1431.7,312414.0,725752.0
2025-06-18 11:04:33.160492,1431.7,312414.0,725752.0
2025-06-18 11:04:33.976086,1431.7,312321.0,725745.0
2025-06-18 11:04:34.193991,1431.7,312321.0,725745.0
2025-06-18 11:04:35.065597,1431.7,312450.0,725398.0
2025-06-18 11:04:35.162306,1431.5,312450.0,725398.0
2025-06-18 11:04:36.159227,1431.7,312450.0,725398.0
2025-06-18 11:04:36.174126,1431.7,312161.0,726117.0
2025-06-18 11:04:37.165729,1431.7,312161.0,726117.0
2025-06-18 11:04:37.264924,1431.7,312200.0,726035.0
2025-06-18 11:04:38.152419,1431.8,312200.0,726035.0
2025-06-18 11:04:38.265137,1431.8,310349.0,726249.0
2025-06-18 11:04:39.160754,1431.8,310349.0,726249.0
2025-06-18 11:04:39.474735,1431.8,309396.0,726193.0
2025-06-18 11:04:40.158202,1431.7,309396.0,726193.0
2025-06-18 11:04:40.366984,1431.7,310257.0,725680.0
2025-06-18 11:04:41.149699,1431.7,310257.0,725680.0
2025-06-18 11:04:41.480851,1431.7,310376.0,725662.0
2025-06-18 11:04:42.157722,1431.6,310376.0,725662.0
2025-06-18 11:04:42.566487,1431.7,305188.0,725893.0
2025-06-18 11:04:43.165852,1431.7,305188.0,725893.0
2025-06-18 11:04:43.669928,1431.7,305165.0,726042.0
2025-06-18 11:04:44.161348,1431.7,305165.0,726042.0
2025-06-18 11:04:44.767889,1431.7,304121.0,725857.0
2025-06-18 11:04:45.186784,1431.8,304121.0,725857.0
2025-06-18 11:04:45.870501,1431.6,306962.0,727566.0
2025-06-18 11:04:46.157780,1431.6,306962.0,727566.0
2025-06-18 11:04:46.869042,1431.6,307604.0,727931.0
2025-06-18 11:04:47.164179,1431.2,307604.0,727931.0
2025-06-18 11:04:47.867838,1431.4,307703.0,728073.0
2025-06-18 11:04:48.160160,1431.4,307703.0,728073.0
2025-06-18 11:04:48.868057,1431.4,306935.0,727205.0
2025-06-18 11:04:49.870819,1431.5,307340.0,727868.0
2025-06-18 11:04:50.168612,1431.5,307340.0,727868.0
2025-06-18 11:04:50.981049,1431.5,307313.0,727835.0
2025-06-18 11:04:52.055222,1431.6,307510.0,727742.0
2025-06-18 11:04:52.176695,1431.6,307510.0,727742.0
2025-06-18 11:04:53.006254,1431.6,307524.0,727743.0
2025-06-18 11:04:53.152739,1431.6,307524.0,727743.0
2025-06-18 11:04:54.089870,1431.6,307423.0,727680.0
2025-06-18 11:04:54.171151,1431.6,307423.0,727680.0
2025-06-18 11:04:55.073548,1431.5,307565.0,727930.0
2025-06-18 11:04:55.161287,1431.5,307565.0,727930.0
2025-06-18 11:04:56.075166,1431.5,309506.0,728227.0
2025-06-18 11:04:56.149550,1431.5,309506.0,728227.0
2025-06-18 11:04:57.208971,1431.5,309506.0,728227.0
2025-06-18 11:04:57.215534,1431.5,309579.0,728174.0
2025-06-18 11:04:58.174683,1431.5,309579.0,728174.0
2025-06-18 11:04:58.283934,1431.5,309620.0,727647.0
2025-06-18 11:04:59.376099,1431.5,309816.0,727929.0
2025-06-18 11:05:00.156903,1431.4,309816.0,727929.0
2025-06-18 11:05:00.488683,1431.4,309835.0,728703.0
2025-06-18 11:05:01.377828,1431.5,309914.0,728842.0
2025-06-18 11:05:02.166612,1431.5,309914.0,728842.0
2025-06-18 11:05:05.175418,1431.5,309914.0,728842.0
2025-06-18 11:05:06.163479,1431.5,309914.0,728842.0
2025-06-18 11:05:06.186318,1431.5,309756.0,728292.0
2025-06-18 11:05:08.163484,1431.5,309756.0,728292.0
2025-06-18 11:05:10.159056,1431.4,309756.0,728292.0
2025-06-18 11:05:11.277457,1431.4,305743.0,730262.0
2025-06-18 11:05:12.202891,1431.4,305743.0,730262.0
2025-06-18 11:05:14.168505,1431.3,305743.0,730262.0
2025-06-18 11:05:16.689004,1431.4,305743.0,730262.0
2025-06-18 11:05:16.883782,1431.4,306496.0,732147.0
2025-06-18 11:05:18.193129,1431.4,306496.0,732147.0
2025-06-18 11:05:22.088086,1431.5,307107.0,731117.0
2025-06-18 11:05:22.170723,1431.5,307107.0,731117.0
2025-06-18 11:05:24.207658,1431.6,307107.0,731117.0
2025-06-18 11:05:26.167902,1431.6,307107.0,731117.0
2025-06-18 11:05:26.890913,1431.6,305902.0,730639.0
2025-06-18 11:05:28.197669,1431.6,305902.0,730639.0
2025-06-18 11:05:30.158389,1431.6,305902.0,730639.0
2025-06-18 11:05:31.796408,1431.7,305498.0,730929.0
2025-06-18 11:05:32.194864,1431.7,305498.0,730929.0
2025-06-18 11:05:33.208852,1431.6,305498.0,730929.0
2025-06-18 11:05:36.189622,1431.7,305498.0,730929.0
2025-06-18 11:05:37.301196,1431.6,306591.0,729765.0
2025-06-18 11:05:38.159706,1431.6,306591.0,729765.0
2025-06-18 11:05:40.193063,1431.7,306591.0,729765.0
2025-06-18 11:05:42.159175,1431.5,306591.0,729765.0
2025-06-18 11:05:42.600328,1431.5,303765.0,731219.0
2025-06-18 11:05:44.165734,1431.6,303765.0,731219.0
2025-06-18 11:05:46.167037,1431.5,303765.0,731219.0
2025-06-18 11:05:47.402055,1431.4,297141.0,731950.0
2025-06-18 11:05:48.207739,1431.4,297141.0,731950.0
2025-06-18 11:05:50.167115,1431.3,297141.0,731950.0
2025-06-18 11:05:52.179561,1431.6,297141.0,731950.0
2025-06-18 11:05:52.515655,1431.6,303478.0,731167.0
2025-06-18 11:05:54.384367,1431.5,303478.0,731167.0
2025-06-18 11:05:56.177390,1431.6,303478.0,731167.0
2025-06-18 11:05:58.176936,1431.6,303478.0,731167.0
2025-06-18 11:05:59.174430,1431.6,303478.0,731167.0
2025-06-18 11:06:02.166417,1431.6,303478.0,731167.0
2025-06-18 11:06:02.314342,1431.6,302011.0,731887.0
2025-06-18 11:06:04.175025,1431.6,302011.0,731887.0
2025-06-18 11:06:06.161446,1431.6,302011.0,731887.0
2025-06-18 11:06:07.216429,1431.6,304200.0,730898.0
2025-06-18 11:06:08.172465,1431.5,304200.0,730898.0
2025-06-18 11:06:10.198634,1431.4,304200.0,730898.0
2025-06-18 11:06:12.172507,1431.5,304200.0,730898.0
2025-06-18 11:06:12.217939,1431.5,304595.0,734595.0
2025-06-18 11:06:14.166597,1431.4,304595.0,734595.0
2025-06-18 11:06:16.163816,1431.4,304595.0,734595.0
2025-06-18 11:06:17.324209,1431.4,306160.0,737748.0
2025-06-18 11:06:18.167435,1431.4,306160.0,737748.0
2025-06-18 11:06:20.157455,1431.3,306160.0,737748.0
2025-06-18 11:06:22.164942,1431.4,306160.0,737748.0
2025-06-18 11:06:22.223820,1431.4,308637.0,738796.0
2025-06-18 11:06:24.169751,1431.3,308637.0,738796.0
2025-06-18 11:06:25.183303,1431.3,308637.0,738796.0
2025-06-18 11:06:27.134625,1431.3,308445.0,737777.0
2025-06-18 11:06:28.166889,1431.3,308445.0,737777.0
2025-06-18 11:06:31.832686,1431.2,302082.0,734351.0
2025-06-18 11:06:32.170645,1430.9,302082.0,734351.0
2025-06-18 11:06:34.230290,1431.4,302082.0,734351.0
2025-06-18 11:06:36.239047,1431.4,302082.0,734351.0
2025-06-18 11:06:36.561843,1431.4,302305.0,734746.0
2025-06-18 11:06:38.162858,1431.3,302305.0,734746.0
2025-06-18 11:06:40.237852,1431.3,302305.0,734746.0
2025-06-18 11:06:41.645357,1431.4,303823.0,733070.0
2025-06-18 11:06:42.161790,1431.4,303823.0,733070.0
2025-06-18 11:06:44.175331,1431.3,303823.0,733070.0
2025-06-18 11:06:46.167098,1431.4,303823.0,733070.0
2025-06-18 11:06:46.758882,1431.4,303823.0,733070.0
2025-06-18 11:06:46.765872,1431.4,303933.0,732530.0
2025-06-18 11:06:47.625906,1431.4,303933.0,732530.0
2025-06-18 11:06:48.172345,1431.3,303933.0,732530.0
2025-06-18 11:06:48.559719,1431.3,303933.0,732530.0
2025-06-18 11:06:49.801969,1431.3,303933.0,732530.0
2025-06-18 11:06:50.168361,1431.4,303933.0,732530.0
2025-06-18 11:06:50.289349,1431.4,303933.0,732530.0
2025-06-18 11:06:51.059791,1431.4,303933.0,732530.0
2025-06-18 11:06:51.651762,1431.4,303801.0,732875.0
2025-06-18 11:06:52.042525,1431.4,303801.0,732875.0
2025-06-18 11:06:52.179336,1431.4,303801.0,732875.0
2025-06-18 11:06:52.605146,1431.4,303801.0,732875.0
2025-06-18 11:06:53.518887,1431.4,303801.0,732875.0
2025-06-18 11:06:54.212936,1431.4,303801.0,732875.0
2025-06-18 11:06:54.755892,1431.4,303801.0,732875.0
2025-06-18 11:06:56.203385,1431.4,303801.0,732875.0
2025-06-18 11:06:56.268751,1431.4,303801.0,732875.0
2025-06-18 11:06:56.549843,1431.4,303899.0,732877.0
2025-06-18 11:06:57.110838,1431.4,303899.0,732877.0
2025-06-18 11:06:58.338820,1431.4,303899.0,732877.0
2025-06-18 11:06:58.539218,1431.4,303899.0,732877.0
2025-06-18 11:06:59.672265,1431.4,303899.0,732877.0
2025-06-18 11:07:00.158652,1431.4,303899.0,732877.0
2025-06-18 11:07:00.834312,1431.4,303899.0,732877.0
2025-06-18 11:07:01.749402,1431.3,304576.0,732999.0
2025-06-18 11:07:02.161485,1431.3,304576.0,732999.0
2025-06-18 11:07:02.290436,1431.3,304576.0,732999.0
2025-06-18 11:07:02.851979,1431.3,303944.0,733044.0
2025-06-18 11:07:03.161902,1431.3,303944.0,733044.0
2025-06-18 11:07:05.075350,1431.4,304499.0,733266.0
2025-06-18 11:07:05.084111,1431.3,304499.0,733266.0
2025-06-18 11:07:05.115644,1431.3,304035.0,733618.0
2025-06-18 11:07:05.169920,1431.3,304035.0,733618.0
2025-06-18 11:07:06.053916,1431.3,307894.0,733645.0
2025-06-18 11:07:06.163786,1431.4,307894.0,733645.0
2025-06-18 11:07:07.052991,1431.3,308461.0,734880.0
2025-06-18 11:07:07.160473,1431.3,308461.0,734880.0
2025-06-18 11:07:10.480059,1431.3,308698.0,734527.0
2025-06-18 11:07:10.527709,1431.3,308883.0,734594.0
2025-06-18 11:07:10.537766,1431.2,308144.0,733827.0
2025-06-18 11:07:10.576357,1431.2,308144.0,733827.0
2025-06-18 11:07:10.959160,1431.3,308159.0,734726.0
2025-06-18 11:07:11.165509,1431.3,308159.0,734726.0
2025-06-18 11:07:11.962454,1431.3,308804.0,734041.0
2025-06-18 11:07:12.171049,1431.3,308804.0,734041.0
2025-06-18 11:07:12.959768,1431.3,307954.0,730220.0
2025-06-18 11:07:13.169952,1431.3,307954.0,730220.0
2025-06-18 11:07:14.162455,1431.3,307954.0,730220.0
2025-06-18 11:07:14.462520,1431.3,307776.0,731287.0
2025-06-18 11:07:15.557712,1431.3,307888.0,731077.0
2025-06-18 11:07:16.461717,1431.3,307373.0,732191.0
2025-06-18 11:07:17.565263,1431.3,307368.0,732225.0
2025-06-18 11:07:18.170021,1431.2,307368.0,732225.0
2025-06-18 11:07:19.165643,1431.2,307368.0,732225.0
2025-06-18 11:07:19.169529,1431.2,309832.0,731245.0
2025-06-18 11:07:20.165379,1431.2,309832.0,731245.0
2025-06-18 11:07:20.169662,1431.2,309650.0,732097.0
2025-06-18 11:07:21.168640,1431.4,309650.0,732097.0
2025-06-18 11:07:21.169949,1431.4,309695.0,732093.0
2025-06-18 11:07:22.206310,1431.2,309695.0,732093.0
2025-06-18 11:07:22.234092,1431.2,309495.0,732284.0
2025-06-18 11:07:23.165936,1431.3,309495.0,732284.0
2025-06-18 11:07:23.173854,1431.3,307306.0,732524.0
2025-06-18 11:07:24.166953,1431.2,307306.0,732524.0
2025-06-18 11:07:24.169078,1431.2,307462.0,732607.0
2025-06-18 11:07:25.166275,1431.2,307462.0,732607.0
2025-06-18 11:07:25.260668,1431.2,307391.0,732718.0
2025-06-18 11:07:26.462283,1431.4,306986.0,732277.0
2025-06-18 11:07:27.172247,1431.4,306986.0,732277.0
2025-06-18 11:07:27.465023,1431.4,306896.0,733160.0
2025-06-18 11:07:28.170335,1431.4,306896.0,733160.0
2025-06-18 11:07:28.560875,1431.4,307005.0,733133.0
2025-06-18 11:07:29.177331,1431.3,307005.0,733133.0
2025-06-18 11:07:29.564083,1431.3,307003.0,733131.0
2025-06-18 11:07:30.562912,1431.4,307268.0,733002.0
2025-06-18 11:07:31.170184,1431.3,307268.0,733002.0
2025-06-18 11:07:31.666357,1431.3,307285.0,732590.0
2025-06-18 11:07:32.662771,1431.3,307768.0,732930.0
2025-06-18 11:07:33.564566,1431.4,307767.0,732920.0
2025-06-18 11:07:34.170739,1431.4,307767.0,732920.0
2025-06-18 11:07:35.067996,1431.4,307270.0,732947.0
2025-06-18 11:07:36.067155,1431.4,307269.0,731114.0
2025-06-18 11:07:36.166403,1431.4,307269.0,731114.0
2025-06-18 11:07:37.075138,1431.3,307265.0,732121.0
2025-06-18 11:07:37.169332,1431.3,307265.0,732121.0
2025-06-18 11:07:38.069116,1431.3,307305.0,732120.0
2025-06-18 11:07:38.169147,1431.3,307305.0,732120.0
2025-06-18 11:07:39.077410,1431.4,307410.0,732734.0
2025-06-18 11:07:39.208165,1431.4,307410.0,732734.0
2025-06-18 11:07:40.070814,1431.3,307311.0,732606.0
2025-06-18 11:07:40.199910,1431.3,307311.0,732606.0
2025-06-18 11:07:41.175510,1431.3,307042.0,732985.0
2025-06-18 11:07:42.171354,1431.3,307042.0,732985.0
2025-06-18 11:07:42.269476,1431.3,306494.0,732606.0
2025-06-18 11:07:43.171209,1431.3,306494.0,732606.0
2025-06-18 11:07:43.272653,1431.3,308900.0,733095.0
2025-06-18 11:07:44.793823,1431.3,308900.0,733095.0
2025-06-18 11:07:44.798475,1431.2,308830.0,733075.0
2025-06-18 11:07:45.172899,1431.3,308830.0,733075.0
2025-06-18 11:07:45.476986,1431.3,308822.0,731432.0
2025-06-18 11:07:46.174222,1431.2,308822.0,731432.0
2025-06-18 11:07:46.581564,1431.2,308777.0,732531.0
2025-06-18 11:07:47.572083,1431.3,308975.0,732543.0
2025-06-18 11:07:48.169287,1431.3,308975.0,732543.0
2025-06-18 11:07:48.478221,1431.3,308997.0,733120.0
2025-06-18 11:07:49.170495,1431.3,308997.0,733120.0
2025-06-18 11:07:49.577747,1431.3,308921.0,733104.0
2025-06-18 11:07:50.576020,1431.3,308926.0,733104.0
2025-06-18 11:07:51.175405,1431.2,308926.0,733104.0
2025-06-18 11:07:51.577526,1431.3,309043.0,733696.0
2025-06-18 11:07:52.176369,1431.3,309043.0,733696.0
2025-06-18 11:07:52.773309,1431.3,309099.0,733713.0
2025-06-18 11:07:53.171171,1431.3,309099.0,733713.0
2025-06-18 11:07:53.717751,1431.3,309345.0,733898.0
2025-06-18 11:07:54.169787,1431.3,309345.0,733898.0
2025-06-18 11:07:55.161978,1431.3,312393.0,731735.0
2025-06-18 11:07:55.166886,1431.3,312393.0,731735.0
2025-06-18 11:07:55.872194,1431.3,310045.0,732445.0
2025-06-18 11:07:56.178494,1431.3,310045.0,732445.0
2025-06-18 11:07:56.873269,1431.3,309991.0,732685.0
2025-06-18 11:07:57.169465,1431.2,309991.0,732685.0
2025-06-18 11:07:57.874767,1431.3,309832.0,733324.0
2025-06-18 11:07:58.187708,1431.3,309832.0,733324.0
2025-06-18 11:07:58.877486,1431.3,309971.0,732697.0
2025-06-18 11:07:59.170773,1431.3,309971.0,732697.0
2025-06-18 11:07:59.878144,1431.3,309868.0,732581.0
2025-06-18 11:08:00.436597,1431.3,309868.0,732581.0
2025-06-18 11:08:03.082821,1431.3,310370.0,732519.0
2025-06-18 11:08:03.176316,1431.3,310370.0,732519.0
2025-06-18 11:08:05.185555,1431.3,310370.0,732519.0
2025-06-18 11:08:07.182943,1431.3,310370.0,732519.0
2025-06-18 11:08:08.387486,1431.3,311638.0,731783.0
2025-06-18 11:08:09.243614,1431.3,311638.0,731783.0
2025-06-18 11:08:11.177636,1431.3,311638.0,731783.0
2025-06-18 11:08:13.180134,1431.4,311638.0,731783.0
2025-06-18 11:08:13.890914,1431.3,312388.0,729865.0
2025-06-18 11:08:15.199512,1431.4,312388.0,729865.0
2025-06-18 11:08:20.481094,1431.5,312388.0,729865.0
2025-06-18 11:08:20.527665,1431.5,312066.0,729971.0
2025-06-18 11:08:20.532220,1431.5,312066.0,729971.0
2025-06-18 11:08:21.183519,1431.5,312066.0,729971.0
2025-06-18 11:08:23.186866,1431.6,312066.0,729971.0
2025-06-18 11:08:24.299700,1431.6,313790.0,727841.0
2025-06-18 11:08:26.174291,1431.6,313790.0,727841.0
2025-06-18 11:08:29.173762,1431.7,313790.0,727841.0
2025-06-18 11:08:29.902056,1431.7,315276.0,724936.0
2025-06-18 11:08:31.187595,1431.7,315276.0,724936.0
2025-06-18 11:08:33.179413,1431.7,315276.0,724936.0
2025-06-18 11:08:35.167204,1431.7,315276.0,724936.0
2025-06-18 11:08:35.305865,1431.7,312301.0,726667.0
2025-06-18 11:08:37.176649,1431.7,312301.0,726667.0
2025-06-18 11:08:39.172212,1431.7,312301.0,726667.0
2025-06-18 11:08:40.609637,1431.7,312499.0,723238.0
2025-06-18 11:08:41.181279,1431.7,312499.0,723238.0
2025-06-18 11:08:43.169912,1431.7,312499.0,723238.0
2025-06-18 11:08:45.187398,1431.7,312499.0,723238.0
2025-06-18 11:08:45.812638,1431.6,309006.0,724492.0
2025-06-18 11:08:47.175349,1431.6,309006.0,724492.0
2025-06-18 11:08:49.177872,1431.6,309006.0,724492.0
2025-06-18 11:08:51.025718,1431.6,309884.0,723449.0
2025-06-18 11:08:51.213903,1431.6,309884.0,723449.0
2025-06-18 11:08:53.180189,1431.7,309884.0,723449.0
2025-06-18 11:08:55.169649,1431.7,309884.0,723449.0
2025-06-18 11:08:56.217471,1431.6,308486.0,724840.0
2025-06-18 11:08:57.173766,1431.6,308486.0,724840.0
2025-06-18 11:08:59.177962,1431.6,308486.0,724840.0
2025-06-18 11:09:01.114197,1431.7,308139.0,724887.0
2025-06-18 11:09:01.181541,1431.7,308139.0,724887.0
2025-06-18 11:09:02.041254,1431.6,306445.0,725542.0
2025-06-18 11:09:02.209612,1431.6,306445.0,725542.0
2025-06-18 11:09:03.057113,1431.7,306267.0,725464.0
2025-06-18 11:09:03.181144,1431.7,306267.0,725464.0
2025-06-18 11:09:04.027813,1431.7,307397.0,724464.0
2025-06-18 11:09:04.178008,1431.7,307397.0,724464.0
2025-06-18 11:09:05.018634,1431.7,308090.0,725140.0
2025-06-18 11:09:05.178839,1431.7,308090.0,725140.0
2025-06-18 11:09:05.919907,1431.5,307946.0,725283.0
2025-06-18 11:09:06.172421,1431.5,307946.0,725283.0
2025-06-18 11:09:06.918393,1431.5,307773.0,725171.0
2025-06-18 11:09:07.172376,1431.5,307773.0,725171.0
2025-06-18 11:09:07.824543,1431.5,308044.0,723690.0
2025-06-18 11:09:09.168801,1431.6,308044.0,723690.0
2025-06-18 11:09:09.776258,1431.6,311351.0,723939.0
2025-06-18 11:09:10.619714,1431.6,311754.0,723135.0
2025-06-18 11:09:11.169547,1431.6,311754.0,723135.0
2025-06-18 11:09:11.623159,1431.6,311920.0,722729.0
2025-06-18 11:09:12.166870,1431.6,311920.0,722729.0
2025-06-18 11:09:14.262428,1431.6,311788.0,723792.0
2025-06-18 11:09:14.311561,1431.6,311787.0,724554.0
2025-06-18 11:09:14.345809,1431.5,311787.0,724554.0
2025-06-18 11:09:14.722891,1431.5,311011.0,724095.0
2025-06-18 11:09:15.174153,1431.6,311011.0,724095.0
2025-06-18 11:09:15.827290,1431.6,311130.0,724376.0
2025-06-18 11:09:16.166433,1431.6,311130.0,724376.0
2025-06-18 11:09:16.923465,1431.6,311015.0,724345.0
2025-06-18 11:09:18.827223,1431.6,308577.0,724162.0
2025-06-18 11:09:19.027648,1431.6,308489.0,723964.0
2025-06-18 11:09:19.165842,1431.6,308489.0,723964.0
2025-06-18 11:09:19.925652,1431.6,307382.0,724409.0
2025-06-18 11:09:20.197120,1431.6,307382.0,724409.0
2025-06-18 11:09:21.026418,1431.6,306919.0,725529.0
2025-06-18 11:09:21.172033,1431.6,306919.0,725529.0
2025-06-18 11:09:22.035160,1431.6,305806.0,726450.0
2025-06-18 11:09:23.030688,1431.6,305737.0,726067.0
2025-06-18 11:09:23.173791,1431.6,305737.0,726067.0
2025-06-18 11:09:23.930528,1431.6,306450.0,726002.0
2025-06-18 11:09:24.173694,1431.6,306450.0,726002.0
2025-06-18 11:09:25.177523,1431.6,306450.0,726002.0
2025-06-18 11:09:25.328105,1431.6,306481.0,725761.0
2025-06-18 11:09:26.174956,1431.6,306481.0,725761.0
2025-06-18 11:09:26.429225,1431.6,307577.0,725585.0
2025-06-18 11:09:27.167209,1431.5,307577.0,725585.0
2025-06-18 11:09:27.530442,1431.5,312959.0,724204.0
2025-06-18 11:09:28.176157,1431.5,312959.0,724204.0
2025-06-18 11:09:28.629503,1431.5,313337.0,724303.0
2025-06-18 11:09:29.178027,1431.5,313337.0,724303.0
2025-06-18 11:09:29.633236,1431.6,315860.0,723583.0
2025-06-18 11:09:30.178328,1431.6,315860.0,723583.0
2025-06-18 11:09:30.731768,1431.5,304512.0,724848.0
2025-06-18 11:09:31.169869,1431.5,304512.0,724848.0
2025-06-18 11:09:32.178506,1431.6,304512.0,724848.0
2025-06-18 11:09:32.329525,1431.6,310569.0,724404.0
2025-06-18 11:09:33.175527,1431.6,310569.0,724404.0
2025-06-18 11:09:33.333738,1431.5,311257.0,724863.0
2025-06-18 11:09:34.175169,1431.6,311257.0,724863.0
2025-06-18 11:09:34.336465,1431.6,311256.0,725858.0
2025-06-18 11:09:35.172356,1431.6,311256.0,725858.0
2025-06-18 11:09:35.438604,1431.6,309372.0,726288.0
2025-06-18 11:09:36.171960,1431.5,309372.0,726288.0
2025-06-18 11:09:36.543520,1431.6,310026.0,726573.0
2025-06-18 11:09:37.176002,1431.6,310026.0,726573.0
2025-06-18 11:09:37.642277,1431.6,310786.0,726443.0
2025-06-18 11:09:38.182718,1431.6,310786.0,726443.0
2025-06-18 11:09:39.847327,1431.6,308574.0,726279.0
2025-06-18 11:09:39.895806,1431.6,308574.0,726279.0
2025-06-18 11:09:39.902854,1431.6,307163.0,726852.0
2025-06-18 11:09:40.736714,1431.6,306643.0,727820.0
2025-06-18 11:09:41.841495,1431.6,306687.0,727835.0
2025-06-18 11:09:42.177150,1431.6,306687.0,727835.0
2025-06-18 11:09:42.839525,1431.6,308164.0,727242.0
2025-06-18 11:09:43.839436,1431.5,307659.0,727275.0
2025-06-18 11:09:44.189156,1431.6,307659.0,727275.0
2025-06-18 11:09:44.943082,1431.5,309031.0,727677.0
2025-06-18 11:09:45.177232,1431.5,309031.0,727677.0
2025-06-18 11:09:45.942808,1431.5,309082.0,727532.0
2025-06-18 11:09:46.253072,1431.5,309082.0,727532.0
2025-06-18 11:09:46.940669,1431.5,308903.0,727772.0
2025-06-18 11:09:47.141954,1431.5,308903.0,727772.0
2025-06-18 11:09:47.841499,1431.5,309052.0,727766.0
2025-06-18 11:09:48.170925,1431.5,309052.0,727766.0
2025-06-18 11:09:48.228007,1431.5,309052.0,727766.0
2025-06-18 11:09:48.940770,1431.7,307178.0,727855.0
2025-06-18 11:09:49.135822,1431.7,307178.0,727855.0
2025-06-18 11:09:49.174809,1431.7,307178.0,727855.0
2025-06-18 11:09:50.061304,1431.7,307178.0,727855.0
2025-06-18 11:09:50.148224,1431.7,306932.0,728605.0
2025-06-18 11:09:50.867799,1431.7,306932.0,728605.0
2025-06-18 11:09:51.149040,1431.5,308272.0,727644.0
2025-06-18 11:09:51.170551,1431.5,308272.0,727644.0
2025-06-18 11:09:51.673132,1431.5,308272.0,727644.0
2025-06-18 11:09:52.150617,1431.7,308278.0,727322.0
2025-06-18 11:09:52.175556,1431.7,308278.0,727322.0
2025-06-18 11:09:52.636259,1431.7,308278.0,727322.0
2025-06-18 11:09:53.045582,1431.5,308335.0,728706.0
2025-06-18 11:09:53.178334,1431.5,308335.0,728706.0
2025-06-18 11:09:53.227879,1431.5,308335.0,728706.0
2025-06-18 11:09:54.096696,1431.5,308335.0,728706.0
2025-06-18 11:09:54.153761,1431.5,308299.0,727928.0
2025-06-18 11:09:54.186067,1431.5,308299.0,727928.0
2025-06-18 11:09:54.467615,1431.5,308299.0,727928.0
2025-06-18 11:09:55.154145,1431.7,308794.0,728460.0
2025-06-18 11:09:55.181128,1431.7,308794.0,728460.0
2025-06-18 11:09:55.342408,1431.7,308794.0,728460.0
2025-06-18 11:09:56.152493,1431.6,306460.0,729372.0
2025-06-18 11:09:56.172708,1431.6,306460.0,729372.0
2025-06-18 11:09:56.594761,1431.6,306460.0,729372.0
2025-06-18 11:09:57.179821,1431.5,306460.0,729372.0
2025-06-18 11:09:57.244206,1431.5,307855.0,729935.0
2025-06-18 11:09:57.565075,1431.5,307855.0,729935.0
2025-06-18 11:09:58.343440,1431.5,306282.0,730637.0
2025-06-18 11:09:58.982025,1431.5,306282.0,730637.0
2025-06-18 11:09:59.444341,1431.5,306666.0,730244.0
2025-06-18 11:10:00.125945,1431.5,306666.0,730244.0
2025-06-18 11:10:00.544750,1431.5,305074.0,730538.0
2025-06-18 11:10:01.175502,1431.5,305074.0,730538.0
2025-06-18 11:10:01.254331,1431.5,305074.0,730538.0
2025-06-18 11:10:01.443207,1431.5,307897.0,730347.0
2025-06-18 11:10:02.544979,1431.4,307801.0,730354.0
2025-06-18 11:10:02.720907,1431.4,307801.0,730354.0
2025-06-18 11:10:03.212432,1431.5,307801.0,730354.0
2025-06-18 11:10:03.545001,1431.5,307762.0,729840.0
2025-06-18 11:10:04.169938,1431.5,307762.0,729840.0
2025-06-18 11:10:05.256649,1431.5,306647.0,730404.0
2025-06-18 11:10:06.172554,1431.4,306647.0,730404.0
2025-06-18 11:10:06.351852,1431.4,308524.0,728635.0
2025-06-18 11:10:07.452146,1431.4,308571.0,728749.0
2025-06-18 11:10:09.505201,1431.4,308576.0,728764.0
2025-06-18 11:10:09.511942,1431.5,308576.0,728764.0
2025-06-18 11:10:09.540401,1431.5,307632.0,729767.0
2025-06-18 11:10:10.182655,1431.4,307632.0,729767.0
2025-06-18 11:10:10.454151,1431.5,308219.0,729400.0
2025-06-18 11:10:11.186458,1431.5,308219.0,729400.0
2025-06-18 11:10:11.452971,1431.5,308318.0,729675.0
2025-06-18 11:10:12.172648,1431.5,308318.0,729675.0
2025-06-18 11:10:12.455242,1431.5,308228.0,729332.0
2025-06-18 11:10:13.176799,1431.5,308228.0,729332.0
2025-06-18 11:10:13.455039,1431.5,307266.0,730382.0
2025-06-18 11:10:14.178600,1431.5,307266.0,730382.0
2025-06-18 11:10:14.454145,1431.5,306748.0,730149.0
2025-06-18 11:10:15.172467,1431.5,306748.0,730149.0
2025-06-18 11:10:15.554238,1431.5,306749.0,730329.0
2025-06-18 11:10:16.174522,1431.5,306749.0,730329.0
2025-06-18 11:10:16.555144,1431.5,307192.0,730732.0
2025-06-18 11:10:17.182100,1431.5,307192.0,730732.0
2025-06-18 11:10:17.660269,1431.5,308137.0,730590.0
2025-06-18 11:10:18.171016,1431.4,308137.0,730590.0
2025-06-18 11:10:18.755963,1431.4,309091.0,730278.0
2025-06-18 11:10:19.861180,1431.6,307458.0,729872.0
2025-06-18 11:10:20.171301,1431.6,307458.0,729872.0
2025-06-18 11:10:20.861316,1431.7,307052.0,728252.0
2025-06-18 11:10:21.185911,1431.7,307052.0,728252.0
2025-06-18 11:10:21.762171,1431.6,308091.0,728862.0
2025-06-18 11:10:22.175715,1431.6,308091.0,728862.0
2025-06-18 11:10:22.758946,1431.7,307140.0,727332.0
2025-06-18 11:10:23.172909,1431.5,307140.0,727332.0
2025-06-18 11:10:23.758715,1431.6,307175.0,728403.0
2025-06-18 11:10:24.180902,1431.6,307175.0,728403.0
2025-06-18 11:10:24.757663,1431.6,307186.0,728676.0
2025-06-18 11:10:25.177708,1431.7,307186.0,728676.0
2025-06-18 11:10:25.758806,1431.6,307072.0,729188.0
2025-06-18 11:10:26.177099,1431.7,307072.0,729188.0
2025-06-18 11:10:26.761853,1431.7,307075.0,729405.0
2025-06-18 11:10:27.659743,1431.5,306931.0,729716.0
2025-06-18 11:10:28.181615,1431.5,306931.0,729716.0
2025-06-18 11:10:28.686638,1431.5,307759.0,729665.0
2025-06-18 11:10:29.666430,1431.6,309998.0,727817.0
2025-06-18 11:10:30.172535,1431.6,309998.0,727817.0
2025-06-18 11:10:30.664370,1431.6,309223.0,728262.0
2025-06-18 11:10:31.664616,1431.6,309361.0,728522.0
2025-06-18 11:10:32.174961,1431.6,309361.0,728522.0
2025-06-18 11:10:32.670323,1431.6,309899.0,729629.0
2025-06-18 11:10:33.173355,1431.6,309899.0,729629.0
2025-06-18 11:10:33.668889,1431.6,309888.0,729443.0
2025-06-18 11:10:34.177550,1431.6,309888.0,729443.0
2025-06-18 11:10:34.672124,1431.6,308275.0,729402.0
2025-06-18 11:10:35.667734,1431.6,309437.0,729264.0
2025-06-18 11:10:36.170708,1431.6,309437.0,729264.0
2025-06-18 11:10:36.667064,1431.6,302862.0,729447.0
2025-06-18 11:10:37.670919,1431.6,308086.0,729498.0
2025-06-18 11:10:38.173567,1431.6,308086.0,729498.0
2025-06-18 11:10:38.670407,1431.6,310783.0,726930.0
2025-06-18 11:10:39.169801,1431.6,310783.0,726930.0
2025-06-18 11:10:39.770542,1431.6,311526.0,726720.0
2025-06-18 11:10:40.171283,1431.6,311526.0,726720.0
2025-06-18 11:10:40.768763,1431.6,311410.0,727497.0
2025-06-18 11:10:41.180766,1431.6,311410.0,727497.0
2025-06-18 11:10:41.769451,1431.6,311235.0,727493.0
2025-06-18 11:10:42.770531,1431.8,309588.0,725412.0
2025-06-18 11:10:43.173309,1431.5,309588.0,725412.0
2025-06-18 11:10:43.676412,1431.6,311323.0,726211.0
2025-06-18 11:10:44.171458,1431.8,311323.0,726211.0
2025-06-18 11:10:44.774797,1431.8,310643.0,726820.0
2025-06-18 11:10:45.872237,1431.7,310386.0,727147.0
2025-06-18 11:10:46.170949,1431.6,310386.0,727147.0
2025-06-18 11:10:46.970764,1431.6,311520.0,727496.0
2025-06-18 11:10:47.172694,1431.6,311520.0,727496.0
2025-06-18 11:10:47.973320,1431.7,311628.0,727566.0
2025-06-18 11:10:48.205074,1431.7,311628.0,727566.0
2025-06-18 11:10:49.107848,1431.6,309201.0,727857.0
2025-06-18 11:10:49.172787,1431.6,309201.0,727857.0
2025-06-18 11:10:50.082854,1431.6,307880.0,727645.0
2025-06-18 11:10:51.174102,1431.7,307880.0,727645.0
2025-06-18 11:10:51.179706,1431.7,308165.0,727567.0
2025-06-18 11:10:52.178433,1431.6,308165.0,727567.0
2025-06-18 11:10:52.277593,1431.7,306886.0,727593.0
2025-06-18 11:10:53.180461,1431.5,306886.0,727593.0
2025-06-18 11:10:53.378139,1431.5,307548.0,727469.0
2025-06-18 11:10:54.177010,1431.7,307548.0,727469.0
2025-06-18 11:10:54.378617,1431.6,307634.0,727232.0
2025-06-18 11:10:55.174717,1431.6,307634.0,727232.0
2025-06-18 11:10:55.379063,1431.6,310125.0,727085.0
2025-06-18 11:10:56.170023,1431.7,310125.0,727085.0
2025-06-18 11:10:56.381996,1431.6,307495.0,727356.0
2025-06-18 11:10:57.169682,1431.7,307495.0,727356.0
2025-06-18 11:10:57.382123,1431.7,307783.0,728375.0
2025-06-18 11:10:58.174569,1431.5,307783.0,728375.0
2025-06-18 11:10:58.384285,1431.5,305790.0,728483.0
2025-06-18 11:10:59.285248,1431.5,305517.0,728231.0
2025-06-18 11:11:00.171311,1431.5,305517.0,728231.0
2025-06-18 11:11:00.284182,1431.5,306090.0,728401.0
2025-06-18 11:11:01.791573,1431.7,306502.0,728309.0
2025-06-18 11:11:02.200207,1431.7,306502.0,728309.0
2025-06-18 11:11:02.890724,1431.7,306494.0,728548.0
2025-06-18 11:11:03.887088,1431.7,306144.0,728600.0
2025-06-18 11:11:04.791258,1431.7,306154.0,729032.0
2025-06-18 11:11:05.791628,1431.7,305775.0,728957.0
2025-06-18 11:11:06.177949,1431.6,305775.0,728957.0
2025-06-18 11:11:06.791436,1431.7,305774.0,728955.0
2025-06-18 11:11:07.175302,1431.7,305774.0,728955.0
2025-06-18 11:11:07.895212,1431.7,305749.0,728917.0
2025-06-18 11:11:08.182862,1431.7,305749.0,728917.0
2025-06-18 11:11:08.894276,1431.7,305808.0,729216.0
2025-06-18 11:11:09.192384,1431.7,305808.0,729216.0
2025-06-18 11:11:10.002416,1431.5,305122.0,729989.0
2025-06-18 11:11:10.173182,1431.5,305122.0,729989.0
2025-06-18 11:11:11.004682,1431.4,305370.0,731523.0
2025-06-18 11:11:11.179383,1431.4,305370.0,731523.0
2025-06-18 11:11:12.032154,1431.4,304637.0,730772.0
2025-06-18 11:11:12.178104,1431.3,304637.0,730772.0
2025-06-18 11:11:13.108420,1431.3,305954.0,732043.0
2025-06-18 11:11:13.181542,1431.2,305954.0,732043.0
2025-06-18 11:11:14.185740,1431.4,305954.0,732043.0
2025-06-18 11:11:14.203186,1431.4,305691.0,731540.0
2025-06-18 11:11:15.172134,1431.2,305691.0,731540.0
2025-06-18 11:11:15.195293,1431.2,305853.0,732389.0
2025-06-18 11:11:16.172376,1430.9,305853.0,732389.0
2025-06-18 11:11:16.195134,1430.9,306318.0,733585.0
2025-06-18 11:11:17.189476,1431.0,306318.0,733585.0
2025-06-18 11:11:17.295924,1431.0,306744.0,733053.0
2025-06-18 11:11:18.183849,1431.0,306744.0,733053.0
2025-06-18 11:11:18.401857,1431.1,307287.0,733726.0
2025-06-18 11:11:19.180082,1431.1,307287.0,733726.0
2025-06-18 11:11:19.396277,1431.1,307236.0,733694.0
2025-06-18 11:11:20.395504,1431.1,307637.0,734285.0
2025-06-18 11:11:21.185946,1431.1,307637.0,734285.0
2025-06-18 11:11:21.295863,1431.1,307664.0,734702.0
2025-06-18 11:11:22.181369,1431.1,307664.0,734702.0
2025-06-18 11:11:22.398366,1431.1,308043.0,732979.0
2025-06-18 11:11:23.398027,1431.1,308547.0,733038.0
2025-06-18 11:11:24.175807,1431.1,308547.0,733038.0
2025-06-18 11:11:24.299523,1431.1,308429.0,734098.0
2025-06-18 11:11:25.185276,1431.1,308429.0,734098.0
2025-06-18 11:11:25.398401,1431.1,308427.0,734676.0
2025-06-18 11:11:26.178308,1431.0,308427.0,734676.0
2025-06-18 11:11:26.399091,1431.0,308317.0,735091.0
2025-06-18 11:11:27.180687,1431.0,308317.0,735091.0
2025-06-18 11:11:27.507522,1431.0,308357.0,735111.0
2025-06-18 11:11:28.402469,1431.1,307123.0,735055.0
2025-06-18 11:11:29.193196,1431.1,307123.0,735055.0
2025-06-18 11:11:29.509825,1431.1,308415.0,735076.0
2025-06-18 11:11:30.512117,1431.1,308131.0,735124.0
2025-06-18 11:11:31.177742,1431.0,308131.0,735124.0
2025-06-18 11:11:31.513800,1431.0,308263.0,734734.0
2025-06-18 11:11:32.532227,1431.0,308172.0,734842.0
2025-06-18 11:11:33.606118,1431.1,308367.0,734792.0
2025-06-18 11:11:34.178294,1431.1,308367.0,734792.0
2025-06-18 11:11:34.707400,1431.1,308491.0,734663.0
2025-06-18 11:11:35.712076,1431.1,308459.0,735173.0
2025-06-18 11:11:36.177647,1431.1,308459.0,735173.0
2025-06-18 11:11:36.709521,1431.0,308248.0,735130.0
2025-06-18 11:11:37.192615,1431.0,308248.0,735130.0
2025-06-18 11:11:37.810638,1431.1,308252.0,734778.0
2025-06-18 11:11:38.185195,1431.1,308252.0,734778.0
2025-06-18 11:11:38.911709,1431.0,309838.0,733103.0
2025-06-18 11:11:39.188021,1431.1,309838.0,733103.0
2025-06-18 11:11:40.025204,1431.1,309750.0,733901.0
2025-06-18 11:11:40.175168,1431.1,309750.0,733901.0
2025-06-18 11:11:40.910730,1431.1,309949.0,734713.0
2025-06-18 11:11:41.191606,1431.1,309949.0,734713.0
2025-06-18 11:11:42.020917,1431.1,310335.0,734303.0
2025-06-18 11:11:42.180096,1431.1,310335.0,734303.0
2025-06-18 11:11:43.035408,1431.0,310218.0,734647.0
2025-06-18 11:11:43.193284,1431.0,310218.0,734647.0
2025-06-18 11:11:44.037812,1431.1,309850.0,734282.0
2025-06-18 11:11:44.191625,1431.1,309850.0,734282.0
2025-06-18 11:11:45.092247,1431.1,309919.0,734287.0
2025-06-18 11:11:46.035746,1431.1,309971.0,734063.0
2025-06-18 11:11:46.176705,1431.1,309971.0,734063.0
2025-06-18 11:11:47.033192,1431.0,310042.0,734083.0
2025-06-18 11:11:47.211798,1431.1,310042.0,734083.0
2025-06-18 11:11:48.023773,1431.1,310649.0,733750.0
2025-06-18 11:11:48.185439,1431.1,310649.0,733750.0
2025-06-18 11:11:49.037670,1431.0,310355.0,733761.0
2025-06-18 11:11:49.185799,1431.0,310355.0,733761.0
2025-06-18 11:11:50.027944,1431.0,310329.0,732225.0
2025-06-18 11:11:50.184254,1431.1,310329.0,732225.0
2025-06-18 11:11:50.918624,1431.1,310317.0,733861.0
2025-06-18 11:11:51.204906,1431.1,310317.0,733861.0
2025-06-18 11:11:52.023944,1431.1,310317.0,733526.0
2025-06-18 11:11:53.122929,1431.1,308314.0,733427.0
2025-06-18 11:11:53.196543,1431.1,308314.0,733427.0
2025-06-18 11:11:54.192318,1431.1,308314.0,733427.0
2025-06-18 11:11:54.224665,1431.1,308327.0,733356.0
2025-06-18 11:11:55.320601,1431.1,308136.0,733828.0
2025-06-18 11:11:56.185887,1431.1,308136.0,733828.0
2025-06-18 11:11:56.228494,1431.1,307808.0,733845.0
2025-06-18 11:11:57.324392,1431.1,307984.0,733490.0
2025-06-18 11:11:58.406341,1431.0,307984.0,733490.0
2025-06-18 11:11:58.447022,1431.0,308225.0,734101.0
2025-06-18 11:11:59.179958,1431.0,308225.0,734101.0
2025-06-18 11:11:59.540763,1431.0,308531.0,733033.0
2025-06-18 11:12:00.176955,1431.0,308531.0,733033.0
2025-06-18 11:12:00.625545,1431.1,311201.0,732396.0
2025-06-18 11:12:03.190769,1431.0,311201.0,732396.0
2025-06-18 11:12:04.727656,1431.1,310866.0,733195.0
2025-06-18 11:12:05.180764,1431.1,310866.0,733195.0
2025-06-18 11:12:07.181165,1431.1,310866.0,733195.0
2025-06-18 11:12:10.117672,1431.1,310866.0,733195.0
2025-06-18 11:12:10.167175,1431.0,310728.0,732737.0
2025-06-18 11:12:10.220177,1431.0,310728.0,732737.0
2025-06-18 11:12:13.188639,1431.0,310728.0,732737.0
2025-06-18 11:12:14.188150,1431.1,310728.0,732737.0
2025-06-18 11:12:14.640088,1431.1,310343.0,732745.0
2025-06-18 11:12:17.180681,1431.0,310343.0,732745.0
2025-06-18 11:12:18.217651,1431.1,310343.0,732745.0
2025-06-18 11:12:20.040597,1431.1,308385.0,734622.0
2025-06-18 11:12:21.181198,1431.1,308385.0,734622.0
2025-06-18 11:12:23.180624,1431.0,308385.0,734622.0
2025-06-18 11:12:24.943872,1431.1,306647.0,733708.0
2025-06-18 11:12:25.181237,1431.1,306647.0,733708.0
2025-06-18 11:12:27.182765,1431.3,306647.0,733708.0
2025-06-18 11:12:29.181398,1431.2,306647.0,733708.0
2025-06-18 11:12:29.952004,1431.3,305900.0,734520.0
2025-06-18 11:12:31.182419,1431.3,305900.0,734520.0
2025-06-18 11:12:33.183547,1431.1,305900.0,734520.0
2025-06-18 11:12:35.202472,1431.1,305900.0,734520.0
2025-06-18 11:12:35.251151,1431.1,308219.0,732561.0
2025-06-18 11:12:37.182130,1431.0,308219.0,732561.0
2025-06-18 11:12:39.184398,1431.1,308219.0,732561.0
2025-06-18 11:12:40.555469,1431.1,307659.0,734111.0
2025-06-18 11:12:41.224733,1431.1,307659.0,734111.0
2025-06-18 11:12:45.185878,1431.0,307659.0,734111.0
2025-06-18 11:12:45.460433,1430.9,308044.0,733799.0
2025-06-18 11:12:47.181253,1431.1,308044.0,733799.0
2025-06-18 11:12:47.569474,1431.1,308044.0,733799.0
2025-06-18 11:12:48.632755,1431.1,308044.0,733799.0
2025-06-18 11:12:49.181152,1431.3,308044.0,733799.0
2025-06-18 11:12:49.545990,1431.3,308044.0,733799.0
2025-06-18 11:12:50.455537,1431.3,308044.0,733799.0
2025-06-18 11:12:50.664843,1431.3,308512.0,731999.0
2025-06-18 11:12:51.185021,1431.3,308512.0,731999.0
2025-06-18 11:12:51.314190,1431.3,308512.0,731999.0
2025-06-18 11:12:52.078317,1431.3,308512.0,731999.0
2025-06-18 11:12:53.102914,1431.3,308512.0,731999.0
2025-06-18 11:12:54.053616,1431.3,308512.0,731999.0
2025-06-18 11:12:55.179240,1431.3,308512.0,731999.0
2025-06-18 11:12:55.769407,1431.3,308512.0,731999.0
2025-06-18 11:12:56.369485,1431.3,307071.0,733802.0
2025-06-18 11:12:57.013556,1431.3,307071.0,733802.0
2025-06-18 11:12:57.186917,1431.2,307071.0,733802.0
2025-06-18 11:12:57.883461,1431.2,307071.0,733802.0
2025-06-18 11:12:59.192493,1431.2,307071.0,733802.0
2025-06-18 11:12:59.296210,1431.2,307071.0,733802.0
2025-06-18 11:13:00.404180,1431.2,307071.0,733802.0
2025-06-18 11:13:01.182358,1431.3,307071.0,733802.0
2025-06-18 11:13:01.578416,1431.3,307071.0,733802.0
2025-06-18 11:13:01.582975,1431.3,307552.0,733301.0
2025-06-18 11:13:02.572009,1431.3,307052.0,733550.0
2025-06-18 11:13:03.038840,1431.3,307052.0,733550.0
2025-06-18 11:13:03.211696,1431.3,307052.0,733550.0
2025-06-18 11:13:03.685556,1431.3,308676.0,733428.0
2025-06-18 11:13:04.182161,1431.3,308676.0,733428.0
2025-06-18 11:13:04.773709,1431.5,308343.0,729880.0
2025-06-18 11:13:05.182106,1431.3,308343.0,729880.0
2025-06-18 11:13:05.774361,1431.5,308418.0,732008.0
2025-06-18 11:13:06.182424,1431.5,308418.0,732008.0
2025-06-18 11:13:06.875924,1431.5,308357.0,731991.0
2025-06-18 11:13:07.182481,1431.4,308357.0,731991.0
2025-06-18 11:13:07.877146,1431.4,308375.0,732368.0
2025-06-18 11:13:08.180960,1431.3,308375.0,732368.0
2025-06-18 11:13:08.877928,1431.3,310397.0,732188.0
2025-06-18 11:13:09.181662,1431.2,310397.0,732188.0
2025-06-18 11:13:09.878326,1431.2,310306.0,732561.0
2025-06-18 11:13:10.878991,1431.2,312306.0,730712.0
2025-06-18 11:13:11.182621,1431.2,312306.0,730712.0
2025-06-18 11:13:11.878195,1431.3,312437.0,731942.0
2025-06-18 11:13:12.185359,1431.3,312437.0,731942.0
2025-06-18 11:13:12.880173,1431.3,312023.0,731952.0
2025-06-18 11:13:13.979274,1431.3,311793.0,731705.0
2025-06-18 11:13:14.181948,1431.3,311793.0,731705.0
2025-06-18 11:13:15.080529,1431.3,311814.0,731851.0
2025-06-18 11:13:15.187046,1431.2,311814.0,731851.0
2025-06-18 11:13:16.181795,1431.2,311814.0,731851.0
2025-06-18 11:13:16.188438,1431.2,311802.0,732515.0
2025-06-18 11:13:17.189128,1431.2,311804.0,732219.0
2025-06-18 11:13:18.195400,1431.2,309427.0,733506.0
2025-06-18 11:13:19.185166,1431.3,309427.0,733506.0
2025-06-18 11:13:19.282470,1431.3,308645.0,732966.0
2025-06-18 11:13:20.186018,1431.3,308645.0,732966.0
2025-06-18 11:13:20.281278,1431.3,309081.0,732557.0
2025-06-18 11:13:21.182373,1431.2,309081.0,732557.0
2025-06-18 11:13:21.282982,1431.2,308831.0,733042.0
2025-06-18 11:13:22.197207,1431.2,309185.0,732835.0
2025-06-18 11:13:23.283249,1431.2,308524.0,731346.0
2025-06-18 11:13:24.184607,1431.2,308524.0,731346.0
2025-06-18 11:13:24.285821,1431.2,309090.0,732453.0
2025-06-18 11:13:25.185470,1431.5,309090.0,732453.0
2025-06-18 11:13:25.285553,1431.5,308641.0,732033.0
2025-06-18 11:13:26.183721,1431.3,308641.0,732033.0
2025-06-18 11:13:26.284593,1431.3,305576.0,731815.0
2025-06-18 11:13:27.183520,1431.4,305576.0,731815.0
2025-06-18 11:13:27.786588,1431.2,308851.0,731812.0
2025-06-18 11:13:28.182309,1431.2,308851.0,731812.0
2025-06-18 11:13:28.786634,1431.3,308740.0,732832.0
2025-06-18 11:13:29.185451,1431.2,308740.0,732832.0
2025-06-18 11:13:29.788512,1431.2,308116.0,732702.0
2025-06-18 11:13:30.889194,1431.2,308149.0,732690.0
2025-06-18 11:13:31.890081,1431.3,308101.0,733238.0
2025-06-18 11:13:32.183560,1431.3,308101.0,733238.0
2025-06-18 11:13:32.895495,1431.2,308496.0,733296.0
2025-06-18 11:13:33.189490,1431.2,308496.0,733296.0
2025-06-18 11:13:33.990965,1431.3,308689.0,731353.0
2025-06-18 11:13:34.185774,1431.3,308689.0,731353.0
2025-06-18 11:13:35.089538,1431.3,309242.0,733838.0
2025-06-18 11:13:36.091424,1431.3,308270.0,734973.0
2025-06-18 11:13:36.184453,1431.3,308270.0,734973.0
2025-06-18 11:13:37.094733,1431.2,309141.0,734798.0
2025-06-18 11:13:37.185642,1431.2,309141.0,734798.0
2025-06-18 11:13:38.091751,1431.2,311799.0,732667.0
2025-06-18 11:13:39.092026,1431.3,312908.0,733188.0
2025-06-18 11:13:39.187044,1431.3,312908.0,733188.0
2025-06-18 11:13:40.094571,1431.3,312016.0,733347.0
2025-06-18 11:13:41.188619,1431.2,312016.0,733347.0
2025-06-18 11:13:41.294893,1431.2,311363.0,733828.0
2025-06-18 11:13:42.186384,1431.3,311363.0,733828.0
2025-06-18 11:13:42.202165,1431.3,311475.0,733868.0
2025-06-18 11:13:43.188278,1431.2,311475.0,733868.0
2025-06-18 11:13:43.295649,1431.2,311884.0,733692.0
2025-06-18 11:13:44.189880,1431.3,311884.0,733692.0
2025-06-18 11:13:44.296436,1431.2,307483.0,733809.0
2025-06-18 11:13:45.184347,1431.3,307483.0,733809.0
2025-06-18 11:13:45.297400,1431.2,311617.0,733799.0
2025-06-18 11:13:46.185757,1431.5,311617.0,733799.0
2025-06-18 11:13:46.298477,1431.5,308978.0,734243.0
2025-06-18 11:13:47.194114,1431.5,308978.0,734243.0
2025-06-18 11:13:47.296377,1431.5,309525.0,733771.0
2025-06-18 11:13:48.204829,1431.5,309522.0,733947.0
2025-06-18 11:13:49.184716,1431.3,309522.0,733947.0
2025-06-18 11:13:49.296615,1431.3,310310.0,734098.0
2025-06-18 11:13:50.497888,1431.5,310253.0,733949.0
2025-06-18 11:13:51.183973,1431.5,310253.0,733949.0
2025-06-18 11:13:51.501189,1431.5,309546.0,733819.0
2025-06-18 11:13:52.502716,1431.5,309744.0,732019.0
2025-06-18 11:13:53.186918,1431.5,309744.0,732019.0
2025-06-18 11:13:53.503504,1431.5,306686.0,731944.0
2025-06-18 11:13:54.187447,1431.5,306686.0,731944.0
2025-06-18 11:13:54.503779,1431.5,312472.0,732029.0
2025-06-18 11:13:55.187314,1431.5,312472.0,732029.0
2025-06-18 11:13:55.501718,1431.5,309579.0,732585.0
2025-06-18 11:13:56.185757,1431.5,309579.0,732585.0
2025-06-18 11:13:56.599798,1431.5,310278.0,732455.0
2025-06-18 11:13:57.503200,1431.5,310346.0,732421.0
2025-06-18 11:13:58.187056,1431.5,310346.0,732421.0
2025-06-18 11:13:58.507855,1431.4,310310.0,732437.0
2025-06-18 11:13:59.182466,1431.4,310310.0,732437.0
2025-06-18 11:13:59.504402,1431.4,309557.0,733310.0
2025-06-18 11:14:00.602392,1431.4,310161.0,733281.0
2025-06-18 11:14:01.805529,1431.4,311331.0,730223.0
2025-06-18 11:14:02.707957,1431.4,310581.0,730570.0
2025-06-18 11:14:03.187841,1431.5,310581.0,730570.0
2025-06-18 11:14:03.808903,1431.5,310655.0,732435.0
2025-06-18 11:14:04.187860,1431.5,310655.0,732435.0
2025-06-18 11:14:04.904972,1431.5,310969.0,732502.0
2025-06-18 11:14:05.905997,1431.5,310846.0,732448.0
2025-06-18 11:14:06.188904,1431.5,310846.0,732448.0
2025-06-18 11:14:07.016927,1431.5,311248.0,732477.0
2025-06-18 11:14:07.185334,1431.5,311248.0,732477.0
2025-06-18 11:14:07.909103,1431.5,311222.0,732521.0
2025-06-18 11:14:09.017114,1431.5,311132.0,732517.0
2025-06-18 11:14:09.188703,1431.5,311132.0,732517.0
2025-06-18 11:14:10.111758,1431.4,311135.0,732398.0
2025-06-18 11:14:10.188216,1431.4,311135.0,732398.0
2025-06-18 11:14:11.184990,1431.5,311135.0,732398.0
2025-06-18 11:14:11.210414,1431.5,308887.0,733116.0
2025-06-18 11:14:12.311668,1431.5,310518.0,733214.0
2025-06-18 11:14:13.223455,1431.5,310518.0,733214.0
2025-06-18 11:14:13.313005,1431.4,308635.0,733751.0
2025-06-18 11:14:14.189772,1431.5,308635.0,733751.0
2025-06-18 11:14:14.313633,1431.5,309355.0,733483.0
2025-06-18 11:14:15.188999,1431.5,309355.0,733483.0
2025-06-18 11:14:15.411801,1431.5,309250.0,733173.0
2025-06-18 11:14:16.193374,1431.5,309250.0,733173.0
2025-06-18 11:14:16.412355,1431.5,310451.0,733073.0
2025-06-18 11:14:17.194908,1431.5,310451.0,733073.0
2025-06-18 11:14:17.413100,1431.5,310443.0,733073.0
2025-06-18 11:14:18.416364,1431.5,310410.0,733059.0
2025-06-18 11:14:19.530451,1431.5,310694.0,733013.0
2025-06-18 11:14:20.616351,1431.5,312083.0,730996.0
2025-06-18 11:14:21.185617,1431.4,312083.0,730996.0
2025-06-18 11:14:21.718311,1431.4,312156.0,733391.0
2025-06-18 11:14:22.236424,1431.4,312156.0,733391.0
2025-06-18 11:14:22.719014,1431.5,312545.0,733366.0
2025-06-18 11:14:23.188980,1431.5,312545.0,733366.0
2025-06-18 11:14:23.821080,1431.5,312501.0,731175.0
2025-06-18 11:14:24.193254,1431.5,312501.0,731175.0
2025-06-18 11:14:24.919095,1431.6,312932.0,732299.0
2025-06-18 11:14:25.188552,1431.6,312932.0,732299.0
2025-06-18 11:14:26.028722,1431.5,312477.0,731826.0
2025-06-18 11:14:26.187822,1431.5,312477.0,731826.0
2025-06-18 11:14:27.121862,1431.5,313804.0,731776.0
2025-06-18 11:14:28.189606,1431.5,313804.0,731776.0
2025-06-18 11:14:28.222775,1431.5,313956.0,729578.0
2025-06-18 11:14:29.228641,1431.5,316163.0,729660.0
2025-06-18 11:14:30.188772,1431.6,316163.0,729660.0
2025-06-18 11:14:30.325144,1431.6,315663.0,730732.0
2025-06-18 11:14:31.188512,1431.6,315663.0,730732.0
2025-06-18 11:14:31.326577,1431.6,314259.0,730692.0
2025-06-18 11:14:32.425973,1431.8,316259.0,728056.0
2025-06-18 11:14:33.186609,1431.7,316259.0,728056.0
2025-06-18 11:14:33.425644,1431.5,315427.0,728323.0
2025-06-18 11:14:34.198056,1431.7,315427.0,728323.0
2025-06-18 11:14:34.536386,1431.5,313797.0,728114.0
2025-06-18 11:14:35.189732,1431.5,313797.0,728114.0
2025-06-18 11:14:35.629162,1431.8,314370.0,728114.0
2025-06-18 11:14:36.191199,1431.6,314370.0,728114.0
2025-06-18 11:14:36.728392,1431.8,312329.0,729332.0
2025-06-18 11:14:37.211317,1431.8,312329.0,729332.0
2025-06-18 11:14:37.831882,1431.7,313938.0,729099.0
2025-06-18 11:14:38.188806,1431.7,313938.0,729099.0
2025-06-18 11:14:38.829934,1431.7,313883.0,729177.0
2025-06-18 11:14:39.186435,1431.8,313883.0,729177.0
2025-06-18 11:14:39.929106,1431.8,313877.0,729146.0
2025-06-18 11:14:40.186778,1431.8,313877.0,729146.0
2025-06-18 11:14:41.046733,1431.7,314066.0,729302.0
2025-06-18 11:14:41.193887,1431.7,314066.0,729302.0
2025-06-18 11:14:42.131712,1431.7,312641.0,729165.0
2025-06-18 11:14:43.132334,1431.7,312891.0,729332.0
2025-06-18 11:14:43.200276,1431.7,312891.0,729332.0
2025-06-18 11:14:44.138401,1431.8,311126.0,729382.0
2025-06-18 11:14:44.188462,1431.8,311126.0,729382.0
2025-06-18 11:14:45.138622,1431.8,311821.0,729258.0
2025-06-18 11:14:46.139570,1431.8,313069.0,729360.0
2025-06-18 11:14:46.190393,1431.8,313069.0,729360.0
2025-06-18 11:14:47.149302,1431.8,311739.0,729366.0
2025-06-18 11:14:47.192615,1431.8,311739.0,729366.0
2025-06-18 11:14:48.145329,1431.8,311831.0,729217.0
2025-06-18 11:14:48.195155,1431.8,311831.0,729217.0
2025-06-18 11:14:49.189058,1431.8,311831.0,729217.0
2025-06-18 11:14:49.239260,1431.8,311860.0,730191.0
2025-06-18 11:14:50.189368,1431.8,311860.0,730191.0
2025-06-18 11:14:50.342686,1432.0,311771.0,728441.0
2025-06-18 11:14:51.189283,1431.8,311771.0,728441.0
2025-06-18 11:14:51.342166,1431.8,314029.0,729634.0
2025-06-18 11:14:52.443847,1431.8,314195.0,731032.0
2025-06-18 11:14:53.549948,1431.8,313221.0,731242.0
2025-06-18 11:14:54.188357,1431.8,313221.0,731242.0
2025-06-18 11:14:54.446082,1431.8,314262.0,729254.0
2025-06-18 11:14:55.187699,1431.8,314262.0,729254.0
2025-06-18 11:14:55.446012,1431.8,312904.0,730786.0
2025-06-18 11:14:56.191077,1431.8,312904.0,730786.0
2025-06-18 11:14:56.446634,1431.8,312785.0,731187.0
2025-06-18 11:14:57.449636,1431.8,312907.0,731174.0
2025-06-18 11:14:58.555065,1431.8,312862.0,731773.0
2025-06-18 11:14:59.654102,1431.8,313015.0,731340.0
2025-06-18 11:15:00.750069,1431.8,313516.0,730886.0
2025-06-18 11:15:01.188358,1431.8,313516.0,730886.0
2025-06-18 11:15:02.153773,1431.8,312025.0,730738.0
2025-06-18 11:15:02.193505,1431.8,312025.0,730738.0
2025-06-18 11:15:03.154375,1431.7,312013.0,730749.0
2025-06-18 11:15:03.189124,1431.7,312013.0,730749.0
2025-06-18 11:15:04.155271,1431.8,313148.0,729916.0
2025-06-18 11:15:04.189840,1431.8,313148.0,729916.0
2025-06-18 11:15:05.152488,1431.7,313488.0,730722.0
2025-06-18 11:15:05.192254,1431.7,313488.0,730722.0
2025-06-18 11:15:06.954221,1431.7,313488.0,730722.0
2025-06-18 11:15:06.962135,1431.7,311953.0,732086.0
2025-06-18 11:15:07.189346,1431.7,311953.0,732086.0
2025-06-18 11:15:07.251555,1431.7,311979.0,731596.0
2025-06-18 11:15:08.189959,1431.7,311979.0,731596.0
2025-06-18 11:15:08.251902,1431.7,311917.0,732701.0
2025-06-18 11:15:10.474782,1431.6,311917.0,732701.0
2025-06-18 11:15:10.476371,1431.6,312138.0,732507.0
2025-06-18 11:15:10.477963,1431.6,311918.0,732717.0
2025-06-18 11:15:10.512098,1431.6,311918.0,732717.0
2025-06-18 11:15:11.156446,1431.6,312031.0,733981.0
2025-06-18 11:15:11.192744,1431.6,312031.0,733981.0
2025-06-18 11:15:12.255890,1431.6,312098.0,733890.0
2025-06-18 11:15:13.358808,1431.5,311757.0,733969.0
2025-06-18 11:15:14.202004,1431.6,311757.0,733969.0
2025-06-18 11:15:14.356757,1431.5,312665.0,733557.0
2025-06-18 11:15:15.208153,1431.5,312665.0,733557.0
2025-06-18 11:15:15.356639,1431.5,313331.0,733817.0
2025-06-18 11:15:16.195568,1431.6,313331.0,733817.0
2025-06-18 11:15:16.458578,1431.6,313332.0,733885.0
2025-06-18 11:15:17.560316,1431.6,313329.0,733882.0
2025-06-18 11:15:18.667466,1431.6,313829.0,733872.0
2025-06-18 11:15:19.764370,1431.6,313763.0,732169.0
2025-06-18 11:15:20.193578,1431.6,313763.0,732169.0
2025-06-18 11:15:20.863005,1431.6,314770.0,733311.0
2025-06-18 11:15:21.190028,1431.6,314770.0,733311.0
2025-06-18 11:15:21.963978,1431.6,314114.0,733184.0
2025-06-18 11:15:22.193027,1431.6,314114.0,733184.0
2025-06-18 11:15:23.063523,1431.6,314144.0,732092.0
2025-06-18 11:15:23.193635,1431.6,314144.0,732092.0
2025-06-18 11:15:24.163112,1431.6,313990.0,732366.0
2025-06-18 11:15:24.190808,1431.6,313990.0,732366.0
2025-06-18 11:15:25.163867,1431.5,314003.0,732092.0
2025-06-18 11:15:25.197550,1431.5,314003.0,732092.0
2025-06-18 11:15:26.194230,1431.9,314003.0,732092.0
2025-06-18 11:15:26.266893,1431.9,310944.0,732567.0
2025-06-18 11:15:27.195635,1431.7,310944.0,732567.0
2025-06-18 11:15:27.365601,1431.7,311204.0,732957.0
2025-06-18 11:15:28.200556,1432.0,311204.0,732957.0
2025-06-18 11:15:28.467390,1432.0,311043.0,729960.0
2025-06-18 11:15:29.202504,1431.6,311043.0,729960.0
2025-06-18 11:15:29.568271,1431.6,311359.0,730109.0
2025-06-18 11:15:30.667068,1431.6,311260.0,730419.0
2025-06-18 11:15:31.191567,1432.0,311260.0,730419.0
2025-06-18 11:15:31.767420,1431.8,312140.0,730732.0
2025-06-18 11:15:32.193747,1432.0,312140.0,730732.0
2025-06-18 11:15:32.870202,1432.0,312177.0,730867.0
2025-06-18 11:15:33.194608,1432.0,312177.0,730867.0
2025-06-18 11:15:33.974748,1431.6,310937.0,730915.0
2025-06-18 11:15:34.211311,1431.6,310937.0,730915.0
2025-06-18 11:15:35.074817,1431.8,310359.0,730753.0
2025-06-18 11:15:35.195062,1431.8,310359.0,730753.0
2025-06-18 11:15:35.977601,1432.0,310208.0,731456.0
2025-06-18 11:15:36.191956,1432.0,310208.0,731456.0
2025-06-18 11:15:37.176557,1431.6,311450.0,730779.0
2025-06-18 11:15:37.223208,1431.6,311450.0,730779.0
2025-06-18 11:15:38.201029,1432.0,311450.0,730779.0
2025-06-18 11:15:38.280747,1432.0,311371.0,730763.0
2025-06-18 11:15:39.195335,1431.8,311371.0,730763.0
2025-06-18 11:15:39.279899,1431.8,311850.0,730465.0
2025-06-18 11:15:40.194149,1431.8,311850.0,730465.0
2025-06-18 11:15:40.277876,1431.8,312037.0,730437.0
2025-06-18 11:15:41.183402,1431.6,312011.0,731296.0
2025-06-18 11:15:41.197867,1431.8,312011.0,731296.0
2025-06-18 11:15:42.279384,1431.6,312014.0,731039.0
2025-06-18 11:15:43.196846,1431.6,312014.0,731039.0
2025-06-18 11:15:43.284379,1431.6,311834.0,731532.0
2025-06-18 11:15:44.199874,1431.8,311834.0,731532.0
2025-06-18 11:15:44.380450,1431.8,311833.0,731534.0
2025-06-18 11:15:45.193939,1431.6,311833.0,731534.0
2025-06-18 11:15:45.480662,1431.6,312203.0,730741.0
2025-06-18 11:15:46.210481,1431.6,312203.0,730741.0
2025-06-18 11:15:46.480504,1431.6,313666.0,730908.0
2025-06-18 11:15:47.196090,1431.7,313666.0,730908.0
2025-06-18 11:15:47.582000,1431.7,312749.0,731500.0
2025-06-18 11:15:48.076444,1431.7,312749.0,731500.0
2025-06-18 11:15:48.682636,1431.8,312949.0,731750.0
2025-06-18 11:15:49.098194,1431.8,312949.0,731750.0
2025-06-18 11:15:49.194991,1431.8,312949.0,731750.0
2025-06-18 11:15:49.783557,1431.8,312665.0,731551.0
2025-06-18 11:15:50.002355,1431.8,312665.0,731551.0
2025-06-18 11:15:50.196491,1431.7,312665.0,731551.0
2025-06-18 11:15:50.785340,1431.8,312390.0,731708.0
2025-06-18 11:15:50.939351,1431.8,312390.0,731708.0
2025-06-18 11:15:51.198439,1431.8,312390.0,731708.0
2025-06-18 11:15:51.781937,1431.8,312390.0,731708.0
2025-06-18 11:15:51.810757,1431.8,311236.0,731708.0
2025-06-18 11:15:52.566517,1431.8,311236.0,731708.0
2025-06-18 11:15:52.784138,1431.8,312344.0,732103.0
2025-06-18 11:15:53.573686,1431.8,312344.0,732103.0
2025-06-18 11:15:53.886474,1431.8,312202.0,731281.0
2025-06-18 11:15:54.136478,1431.8,312202.0,731281.0
2025-06-18 11:15:54.195956,1431.8,312202.0,731281.0
2025-06-18 11:15:54.539594,1431.8,312202.0,731281.0
2025-06-18 11:15:54.985328,1431.8,312105.0,731315.0
2025-06-18 11:15:55.038462,1431.8,312105.0,731315.0
2025-06-18 11:15:55.985472,1431.8,313870.0,731394.0
2025-06-18 11:15:56.196657,1431.8,313870.0,731394.0
2025-06-18 11:15:56.299281,1431.8,313870.0,731394.0
2025-06-18 11:15:56.988480,1431.8,313688.0,731846.0
2025-06-18 11:15:57.197545,1431.8,313688.0,731846.0
2025-06-18 11:15:57.589603,1431.8,313688.0,731846.0
2025-06-18 11:15:57.985716,1431.8,314280.0,731213.0
2025-06-18 11:15:58.415400,1431.8,314280.0,731213.0
2025-06-18 11:15:58.986397,1431.7,314176.0,731797.0
2025-06-18 11:15:59.193340,1431.7,314176.0,731797.0
2025-06-18 11:15:59.987524,1431.8,314184.0,732012.0
2025-06-18 11:16:00.128717,1431.8,314184.0,732012.0
2025-06-18 11:16:00.193442,1431.8,314184.0,732012.0
2025-06-18 11:16:01.185390,1431.8,314245.0,732060.0
2025-06-18 11:16:01.209566,1431.8,314245.0,732060.0
2025-06-18 11:16:01.279074,1431.8,314245.0,732060.0
2025-06-18 11:16:02.197056,1431.8,314245.0,732060.0
2025-06-18 11:16:02.288098,1431.8,314386.0,732167.0
2025-06-18 11:16:02.401223,1431.8,314386.0,732167.0
2025-06-18 11:16:03.388462,1431.8,314889.0,732052.0
2025-06-18 11:16:03.889533,1431.8,314889.0,732052.0
2025-06-18 11:16:04.194594,1431.8,314889.0,732052.0
2025-06-18 11:16:04.390018,1431.7,314845.0,731839.0
2025-06-18 11:16:05.199875,1431.7,314845.0,731839.0
2025-06-18 11:16:05.388195,1431.7,314773.0,731854.0
2025-06-18 11:16:06.193920,1431.8,314773.0,731854.0
2025-06-18 11:16:06.389704,1431.8,314818.0,731695.0
2025-06-18 11:16:07.291446,1431.8,314868.0,731695.0
2025-06-18 11:16:08.726357,1431.8,314868.0,731695.0
2025-06-18 11:16:08.734939,1431.7,314834.0,731680.0
2025-06-18 11:16:09.192097,1431.7,314498.0,731643.0
2025-06-18 11:16:09.193837,1431.7,314498.0,731643.0
2025-06-18 11:16:10.438354,1431.7,312743.0,730709.0
2025-06-18 11:16:10.440968,1431.7,312743.0,730709.0
2025-06-18 11:16:11.198684,1431.7,313753.0,732103.0
2025-06-18 11:16:12.197850,1431.8,313753.0,732103.0
2025-06-18 11:16:12.202930,1431.8,313951.0,732065.0
2025-06-18 11:16:13.094572,1431.7,313880.0,731696.0
2025-06-18 11:16:13.196049,1431.7,313880.0,731696.0
2025-06-18 11:16:13.993710,1431.7,313981.0,731882.0
2025-06-18 11:16:14.193703,1431.7,313981.0,731882.0
2025-06-18 11:16:14.998540,1431.8,313838.0,731384.0
2025-06-18 11:16:15.194741,1431.8,313838.0,731384.0
2025-06-18 11:16:15.897216,1431.8,313820.0,731917.0
2025-06-18 11:16:16.207188,1431.7,313820.0,731917.0
2025-06-18 11:16:16.898561,1431.7,314081.0,731990.0
2025-06-18 11:16:17.897561,1431.7,314357.0,732129.0
2025-06-18 11:16:18.194659,1431.7,314357.0,732129.0
2025-06-18 11:16:18.897920,1431.7,312372.0,732144.0
2025-06-18 11:16:19.198578,1431.7,312372.0,732144.0
2025-06-18 11:16:19.897628,1431.7,313398.0,732371.0
2025-06-18 11:16:20.998810,1431.8,313178.0,732239.0
2025-06-18 11:16:21.227191,1431.7,313178.0,732239.0
2025-06-18 11:16:22.098452,1431.7,313005.0,732224.0
2025-06-18 11:16:22.198241,1431.7,313005.0,732224.0
2025-06-18 11:16:23.100056,1431.7,313010.0,732192.0
2025-06-18 11:16:24.000685,1431.8,313098.0,732306.0
2025-06-18 11:16:24.197374,1431.8,313098.0,732306.0
2025-06-18 11:16:25.001583,1431.8,314008.0,732370.0
2025-06-18 11:16:25.196567,1431.8,314008.0,732370.0
2025-06-18 11:16:26.001631,1431.7,313938.0,731944.0
2025-06-18 11:16:26.197978,1431.7,313938.0,731944.0
2025-06-18 11:16:27.002942,1431.7,313938.0,731695.0
2025-06-18 11:16:28.007868,1431.7,313942.0,732252.0
2025-06-18 11:16:28.202862,1431.8,313942.0,732252.0
2025-06-18 11:16:28.917859,1431.8,313776.0,731767.0
2025-06-18 11:16:30.109423,1431.8,313916.0,732168.0
2025-06-18 11:16:30.228058,1431.8,313916.0,732168.0
2025-06-18 11:16:31.109385,1431.8,313915.0,732168.0
2025-06-18 11:16:32.201755,1431.7,313915.0,732168.0
2025-06-18 11:16:32.214096,1431.7,313606.0,731639.0
2025-06-18 11:16:33.199772,1431.8,313606.0,731639.0
2025-06-18 11:16:33.210367,1431.8,313434.0,732109.0
2025-06-18 11:16:34.123084,1431.8,313551.0,732257.0
2025-06-18 11:16:34.200356,1431.8,313551.0,732257.0
2025-06-18 11:16:35.200068,1431.8,313551.0,732257.0
2025-06-18 11:16:35.212615,1431.8,313601.0,731983.0
2025-06-18 11:16:36.332087,1431.8,313601.0,731983.0
2025-06-18 11:16:36.371924,1431.8,313565.0,732190.0
2025-06-18 11:16:37.197804,1431.8,313565.0,732190.0
2025-06-18 11:16:37.214314,1431.8,315375.0,731365.0
2025-06-18 11:16:38.117104,1431.8,315358.0,731601.0
2025-06-18 11:16:38.233767,1431.8,315358.0,731601.0
2025-06-18 11:16:40.289306,1431.8,315358.0,731601.0
2025-06-18 11:16:40.294214,1431.8,315407.0,731462.0
2025-06-18 11:16:40.328607,1431.8,315407.0,731462.0
2025-06-18 11:16:40.331583,1431.8,315456.0,730420.0
2025-06-18 11:16:41.198171,1431.8,315456.0,730420.0
2025-06-18 11:16:41.214192,1431.8,315438.0,730848.0
2025-06-18 11:16:42.219597,1431.8,314917.0,729235.0
2025-06-18 11:16:43.200467,1431.9,314917.0,729235.0
2025-06-18 11:16:43.213923,1431.9,313400.0,730134.0
2025-06-18 11:16:44.116284,1431.8,313691.0,729152.0
2025-06-18 11:16:44.199368,1431.8,313691.0,729152.0
2025-06-18 11:16:45.115334,1431.8,314017.0,730847.0
2025-06-18 11:16:45.202102,1431.8,314017.0,730847.0
2025-06-18 11:16:46.199913,1431.7,314017.0,730847.0
2025-06-18 11:16:46.217878,1431.7,313546.0,731535.0
2025-06-18 11:16:47.203627,1432.0,313546.0,731535.0
2025-06-18 11:16:47.216621,1432.0,314191.0,731546.0
2025-06-18 11:16:48.222272,1432.0,314349.0,731550.0
2025-06-18 11:16:49.122249,1432.0,314348.0,731393.0
2025-06-18 11:16:49.200705,1432.0,314348.0,731393.0
2025-06-18 11:16:50.198801,1432.0,314348.0,731393.0
2025-06-18 11:16:50.238000,1432.0,315308.0,731291.0
2025-06-18 11:16:51.212374,1432.0,315308.0,731291.0
2025-06-18 11:16:51.222506,1432.0,316729.0,730484.0
2025-06-18 11:16:52.209631,1432.0,316729.0,730484.0
2025-06-18 11:16:52.225559,1432.0,316974.0,730913.0
2025-06-18 11:16:53.221140,1432.0,312311.0,730812.0
2025-06-18 11:16:54.199252,1432.0,312311.0,730812.0
2025-06-18 11:16:54.223876,1432.0,314265.0,730878.0
2025-06-18 11:16:55.202413,1431.9,314265.0,730878.0
2025-06-18 11:16:55.323420,1431.9,314595.0,730758.0
2025-06-18 11:16:56.202392,1432.0,314595.0,730758.0
2025-06-18 11:16:56.325175,1432.0,314739.0,729692.0
2025-06-18 11:16:57.423874,1432.0,314709.0,729369.0
2025-06-18 11:16:58.525854,1432.0,314926.0,729587.0
2025-06-18 11:17:00.445782,1432.0,314884.0,729389.0
2025-06-18 11:17:00.625918,1432.0,314681.0,729423.0
2025-06-18 11:17:01.205511,1432.0,314681.0,729423.0
2025-06-18 11:17:03.206249,1431.9,314681.0,729423.0
2025-06-18 11:17:03.527338,1432.0,314497.0,728821.0
2025-06-18 11:17:04.216330,1432.0,314497.0,728821.0
2025-06-18 11:17:07.210073,1431.9,314497.0,728821.0
2025-06-18 11:17:08.530135,1431.9,314159.0,729149.0
2025-06-18 11:17:09.207672,1432.0,314159.0,729149.0
2025-06-18 11:17:11.210277,1432.0,314159.0,729149.0
2025-06-18 11:17:13.205696,1432.0,314159.0,729149.0
2025-06-18 11:17:13.734267,1432.0,313650.0,729115.0
2025-06-18 11:17:15.211887,1432.0,313650.0,729115.0
2025-06-18 11:17:17.208297,1432.0,313650.0,729115.0
2025-06-18 11:17:18.835282,1432.0,317109.0,728948.0
2025-06-18 11:17:19.208299,1432.0,317109.0,728948.0
2025-06-18 11:17:21.208834,1432.0,317109.0,728948.0
2025-06-18 11:17:24.144293,1431.9,318009.0,728479.0
2025-06-18 11:17:25.212285,1431.9,318009.0,728479.0
2025-06-18 11:17:27.211078,1431.9,318009.0,728479.0
2025-06-18 11:17:29.146999,1432.1,316411.0,727604.0
2025-06-18 11:17:29.210246,1432.1,316411.0,727604.0
2025-06-18 11:17:31.211000,1432.2,316411.0,727604.0
2025-06-18 11:17:33.212545,1432.0,316411.0,727604.0
2025-06-18 11:17:34.252376,1432.3,315059.0,727537.0
2025-06-18 11:17:35.212133,1432.3,315059.0,727537.0
2025-06-18 11:17:37.210552,1432.2,315059.0,727537.0
2025-06-18 11:17:39.211679,1432.3,315059.0,727537.0
2025-06-18 11:17:39.350088,1432.3,318216.0,726725.0
2025-06-18 11:17:41.217776,1432.1,318216.0,726725.0
2025-06-18 11:17:43.214126,1432.2,318216.0,726725.0
2025-06-18 11:17:44.354075,1432.3,317984.0,728201.0
2025-06-18 11:17:47.213777,1432.2,317984.0,728201.0
2025-06-18 11:17:48.217120,1432.1,317984.0,728201.0
2025-06-18 11:17:49.159378,1432.0,320150.0,727770.0
2025-06-18 11:17:51.233532,1432.3,320150.0,727770.0
2025-06-18 11:17:53.208140,1432.2,320150.0,727770.0
2025-06-18 11:17:53.861404,1432.2,318617.0,727785.0
2025-06-18 11:17:55.212382,1432.1,318617.0,727785.0
2025-06-18 11:17:57.214126,1432.1,318617.0,727785.0
2025-06-18 11:17:58.462857,1432.1,315727.0,730019.0
2025-06-18 11:17:59.212338,1432.2,315727.0,730019.0
2025-06-18 11:18:01.207922,1432.1,315727.0,730019.0
2025-06-18 11:18:01.668994,1432.2,316994.0,729757.0
2025-06-18 11:18:02.244298,1432.2,316994.0,729757.0
2025-06-18 11:18:02.665809,1432.2,317024.0,729523.0
2025-06-18 11:18:03.669727,1432.2,317285.0,729695.0
2025-06-18 11:18:04.208385,1432.2,317285.0,729695.0
2025-06-18 11:18:04.578985,1432.2,317297.0,730498.0
2025-06-18 11:18:05.217829,1432.0,317297.0,730498.0
2025-06-18 11:18:05.466708,1432.0,314691.0,731915.0
2025-06-18 11:18:06.214353,1432.1,314691.0,731915.0
2025-06-18 11:18:06.579364,1432.1,314806.0,731946.0
2025-06-18 11:18:07.215126,1431.9,314806.0,731946.0
2025-06-18 11:18:07.766998,1431.9,314974.0,731921.0
2025-06-18 11:18:08.769735,1431.9,314884.0,732468.0
2025-06-18 11:18:09.208148,1432.0,314884.0,732468.0
2025-06-18 11:18:10.479548,1431.9,313377.0,733734.0
2025-06-18 11:18:10.489438,1431.5,313377.0,733734.0
2025-06-18 11:18:10.668176,1431.2,302166.0,737198.0
2025-06-18 11:18:11.216496,1431.0,302166.0,737198.0
2025-06-18 11:18:11.669717,1431.4,302363.0,735536.0
2025-06-18 11:18:12.212419,1431.4,302363.0,735536.0
2025-06-18 11:18:12.771591,1431.1,303056.0,735907.0
2025-06-18 11:18:13.239955,1431.1,303056.0,735907.0
2025-06-18 11:18:13.873184,1431.0,308492.0,736834.0
2025-06-18 11:18:14.207468,1431.0,308492.0,736834.0
2025-06-18 11:18:15.165705,1431.1,308495.0,737298.0
2025-06-18 11:18:15.208803,1431.1,308495.0,737298.0
2025-06-18 11:18:15.970904,1431.1,309400.0,737381.0
2025-06-18 11:18:16.207682,1431.1,309400.0,737381.0
2025-06-18 11:18:16.974243,1431.0,309981.0,737637.0
2025-06-18 11:18:17.207488,1431.0,309981.0,737637.0
2025-06-18 11:18:17.975737,1431.1,310070.0,737755.0
2025-06-18 11:18:18.209506,1431.1,310070.0,737755.0
2025-06-18 11:18:18.976919,1431.1,310734.0,737427.0
2025-06-18 11:18:19.976089,1431.1,310984.0,737450.0
2025-06-18 11:18:20.212359,1431.1,310984.0,737450.0
2025-06-18 11:18:20.976549,1431.1,311009.0,737859.0
2025-06-18 11:18:21.263950,1431.1,311009.0,737859.0
2025-06-18 11:18:21.977401,1431.1,310602.0,737849.0
2025-06-18 11:18:23.085410,1431.1,310378.0,737932.0
2025-06-18 11:18:23.206861,1431.1,310378.0,737932.0
2025-06-18 11:18:23.980991,1431.1,310354.0,738271.0
2025-06-18 11:18:24.207790,1431.0,310354.0,738271.0
2025-06-18 11:18:24.979806,1431.1,308065.0,738425.0
2025-06-18 11:18:25.210273,1431.1,308065.0,738425.0
2025-06-18 11:18:26.082999,1431.1,310091.0,738217.0
2025-06-18 11:18:26.209870,1431.1,310091.0,738217.0
2025-06-18 11:18:27.091015,1431.1,310335.0,738093.0
2025-06-18 11:18:28.255412,1431.1,310232.0,737504.0
2025-06-18 11:18:28.259342,1431.1,310232.0,737504.0
2025-06-18 11:18:29.091939,1431.1,310342.0,737604.0
2025-06-18 11:18:30.185580,1431.1,310272.0,737655.0
2025-06-18 11:18:31.186604,1431.0,309777.0,736629.0
2025-06-18 11:18:31.208605,1431.1,309777.0,736629.0
2025-06-18 11:18:32.185455,1431.0,309878.0,737790.0
2025-06-18 11:18:32.214992,1431.0,309878.0,737790.0
2025-06-18 11:18:33.240299,1431.1,309878.0,737790.0
2025-06-18 11:18:33.284487,1431.1,309608.0,737777.0
2025-06-18 11:18:34.923145,1431.1,309608.0,737777.0
2025-06-18 11:18:34.958853,1431.1,309774.0,737646.0
2025-06-18 11:18:35.486953,1431.1,310183.0,737724.0
2025-06-18 11:18:36.208610,1431.0,310183.0,737724.0
2025-06-18 11:18:36.488560,1431.1,310412.0,736594.0
2025-06-18 11:18:37.214872,1431.1,310412.0,736594.0
2025-06-18 11:18:37.593968,1431.1,311133.0,736816.0
2025-06-18 11:18:38.218981,1431.0,311133.0,736816.0
2025-06-18 11:18:38.592857,1431.0,310474.0,736819.0
2025-06-18 11:18:39.206819,1431.0,310474.0,736819.0
2025-06-18 11:18:39.596941,1431.1,310965.0,736567.0
2025-06-18 11:18:40.209827,1431.1,310965.0,736567.0
2025-06-18 11:18:40.685806,1431.1,310253.0,736680.0
2025-06-18 11:18:41.786425,1431.1,310453.0,736724.0
2025-06-18 11:18:42.786717,1431.1,310408.0,736772.0
2025-06-18 11:18:43.786162,1431.1,310419.0,736395.0
2025-06-18 11:18:44.215780,1431.0,310419.0,736395.0
2025-06-18 11:18:44.788906,1431.0,309621.0,736779.0
2025-06-18 11:18:45.892198,1431.1,309401.0,737585.0
2025-06-18 11:18:46.207450,1431.1,309401.0,737585.0
2025-06-18 11:18:46.886480,1431.0,309291.0,737811.0
2025-06-18 11:18:47.228931,1431.0,309291.0,737811.0
2025-06-18 11:18:47.986418,1431.0,309222.0,737065.0
2025-06-18 11:18:48.209127,1431.0,309222.0,737065.0
2025-06-18 11:18:48.475250,1431.0,309222.0,737065.0
2025-06-18 11:18:49.098283,1431.1,309321.0,738064.0
2025-06-18 11:18:49.212915,1431.1,309321.0,738064.0
2025-06-18 11:18:49.556028,1431.1,309321.0,738064.0
2025-06-18 11:18:50.190287,1431.1,309404.0,738064.0
2025-06-18 11:18:50.480786,1431.1,309404.0,738064.0
2025-06-18 11:18:51.191295,1431.0,309464.0,737962.0
2025-06-18 11:18:51.208859,1431.0,309464.0,737962.0
2025-06-18 11:18:51.407162,1431.0,309464.0,737962.0
2025-06-18 11:18:52.216250,1431.0,309464.0,737962.0
2025-06-18 11:18:52.259084,1431.0,309464.0,737962.0
2025-06-18 11:18:52.290500,1431.0,309960.0,738300.0
2025-06-18 11:18:53.040940,1431.0,309960.0,738300.0
2025-06-18 11:18:53.291648,1431.0,310156.0,738015.0
2025-06-18 11:18:54.056826,1431.0,310156.0,738015.0
2025-06-18 11:18:54.207749,1431.0,310156.0,738015.0
2025-06-18 11:18:54.394935,1431.0,310454.0,737783.0
2025-06-18 11:18:54.625351,1431.0,310454.0,737783.0
2025-06-18 11:18:55.037310,1431.0,310454.0,737783.0
2025-06-18 11:18:55.207204,1431.0,310454.0,737783.0
2025-06-18 11:18:55.291217,1431.0,309920.0,738463.0
2025-06-18 11:18:55.520155,1431.0,309920.0,738463.0
2025-06-18 11:18:56.216971,1431.0,309920.0,738463.0
2025-06-18 11:18:56.292566,1431.0,309639.0,738040.0
2025-06-18 11:18:56.793106,1431.0,309639.0,738040.0
2025-06-18 11:18:57.196044,1431.0,309638.0,737219.0
2025-06-18 11:18:57.211560,1431.0,309638.0,737219.0
2025-06-18 11:18:58.035699,1431.0,309638.0,737219.0
2025-06-18 11:18:58.195088,1430.9,309212.0,737928.0
2025-06-18 11:18:58.210240,1430.9,309212.0,737928.0
2025-06-18 11:18:58.900317,1430.9,309212.0,737928.0
2025-06-18 11:18:59.292790,1430.9,309248.0,737896.0
2025-06-18 11:19:00.286153,1430.9,309248.0,737896.0
2025-06-18 11:19:00.319890,1430.9,309733.0,738008.0
2025-06-18 11:19:01.580438,1430.9,309733.0,738008.0
2025-06-18 11:19:01.697429,1430.9,310213.0,735782.0
2025-06-18 11:19:02.211082,1431.0,310213.0,735782.0
2025-06-18 11:19:02.717402,1431.0,310213.0,735782.0
2025-06-18 11:19:02.795482,1431.0,310555.0,736323.0
2025-06-18 11:19:03.898391,1430.9,311751.0,736209.0
2025-06-18 11:19:04.193797,1430.9,311751.0,736209.0
2025-06-18 11:19:04.216037,1430.9,311751.0,736209.0
2025-06-18 11:19:04.896803,1430.9,311382.0,734714.0
2025-06-18 11:19:05.797753,1431.0,311517.0,735706.0
2025-06-18 11:19:06.209382,1431.0,311517.0,735706.0
2025-06-18 11:19:06.798427,1431.0,311393.0,735863.0
2025-06-18 11:19:07.213950,1430.9,311393.0,735863.0
2025-06-18 11:19:07.727845,1430.9,310849.0,736026.0
2025-06-18 11:19:08.799970,1430.9,310965.0,736652.0
2025-06-18 11:19:09.209450,1431.0,310965.0,736652.0
2025-06-18 11:19:09.900496,1431.0,311114.0,736861.0
2025-06-18 11:19:10.210966,1431.0,311114.0,736861.0
2025-06-18 11:19:10.798786,1431.0,311022.0,736908.0
2025-06-18 11:19:11.209233,1431.0,311022.0,736908.0
2025-06-18 11:19:11.902476,1430.9,310898.0,736933.0
2025-06-18 11:19:12.209130,1431.0,310898.0,736933.0
2025-06-18 11:19:13.004574,1431.0,310745.0,737051.0
2025-06-18 11:19:13.215540,1431.0,310745.0,737051.0
2025-06-18 11:19:14.109572,1431.0,310692.0,737453.0
2025-06-18 11:19:14.210625,1431.0,310692.0,737453.0
2025-06-18 11:19:15.205763,1431.0,310748.0,737411.0
2025-06-18 11:19:16.206517,1431.0,310723.0,737268.0
2025-06-18 11:19:16.211896,1431.0,310723.0,737268.0
2025-06-18 11:19:17.215846,1431.0,310936.0,737244.0
2025-06-18 11:19:18.215749,1431.0,310958.0,737450.0
2025-06-18 11:19:19.210861,1431.0,310958.0,737450.0
2025-06-18 11:19:19.216459,1431.0,311121.0,737122.0
2025-06-18 11:19:20.211264,1430.9,311121.0,737122.0
2025-06-18 11:19:20.218458,1430.9,310954.0,737353.0
2025-06-18 11:19:21.211478,1431.0,310954.0,737353.0
2025-06-18 11:19:21.221237,1431.0,310993.0,737329.0
2025-06-18 11:19:22.212214,1431.0,310993.0,737329.0
2025-06-18 11:19:22.217914,1431.0,311153.0,737199.0
2025-06-18 11:19:23.212452,1430.9,311153.0,737199.0
2025-06-18 11:19:23.219639,1430.9,311080.0,737846.0
2025-06-18 11:19:24.215752,1431.0,311080.0,737846.0
2025-06-18 11:19:24.311019,1431.0,311226.0,737662.0
2025-06-18 11:19:25.211053,1431.1,311226.0,737662.0
2025-06-18 11:19:25.411502,1431.1,308213.0,737263.0
2025-06-18 11:19:26.213568,1431.0,308213.0,737263.0
2025-06-18 11:19:26.411822,1431.0,308259.0,737234.0
2025-06-18 11:19:27.514608,1430.9,308021.0,736546.0
2025-06-18 11:19:28.216991,1430.9,308021.0,736546.0
2025-06-18 11:19:28.612608,1431.0,308173.0,736742.0
2025-06-18 11:19:29.211771,1430.9,308173.0,736742.0
2025-06-18 11:19:29.713307,1430.9,307912.0,736660.0
2025-06-18 11:19:30.714228,1431.1,307983.0,735634.0
2025-06-18 11:19:31.213927,1431.1,307983.0,735634.0
2025-06-18 11:19:31.714960,1431.1,308030.0,736632.0
2025-06-18 11:19:32.713789,1431.1,308142.0,736652.0
2025-06-18 11:19:33.716127,1431.0,308482.0,736494.0
2025-06-18 11:19:34.222198,1431.0,308482.0,736494.0
2025-06-18 11:19:34.716534,1431.0,310867.0,736500.0
2025-06-18 11:19:35.725307,1431.0,308521.0,736516.0
2025-06-18 11:19:36.215190,1431.0,308521.0,736516.0
2025-06-18 11:19:36.817591,1431.0,308303.0,736924.0
2025-06-18 11:19:37.214851,1430.9,308303.0,736924.0
2025-06-18 11:19:37.915892,1430.9,308831.0,735029.0
2025-06-18 11:19:39.017359,1431.0,311190.0,736751.0
2025-06-18 11:19:39.221399,1430.9,311190.0,736751.0
2025-06-18 11:19:40.017975,1431.0,311241.0,736708.0
2025-06-18 11:19:40.215702,1431.0,311241.0,736708.0
2025-06-18 11:19:40.918198,1431.0,311104.0,736719.0
2025-06-18 11:19:41.211895,1431.0,311104.0,736719.0
2025-06-18 11:19:41.920069,1430.9,311004.0,737354.0
2025-06-18 11:19:42.243069,1430.9,311004.0,737354.0
2025-06-18 11:19:43.021059,1430.9,310926.0,736355.0
2025-06-18 11:19:43.233676,1430.9,310926.0,736355.0
2025-06-18 11:19:44.023874,1431.1,308113.0,737411.0
2025-06-18 11:19:44.221365,1430.9,308113.0,737411.0
2025-06-18 11:19:45.022409,1430.9,308081.0,735999.0
2025-06-18 11:19:45.208847,1431.1,308081.0,735999.0
2025-06-18 11:19:46.022098,1431.1,308348.0,736158.0
2025-06-18 11:19:46.213100,1431.1,308348.0,736158.0
2025-06-18 11:19:47.033845,1431.0,308569.0,736136.0
2025-06-18 11:19:47.214438,1431.0,308569.0,736136.0
2025-06-18 11:19:48.027498,1431.0,308551.0,736033.0
2025-06-18 11:19:48.216335,1431.0,308551.0,736033.0
2025-06-18 11:19:49.025606,1431.0,310490.0,735997.0
2025-06-18 11:19:49.257575,1431.0,310490.0,735997.0
2025-06-18 11:19:50.025367,1431.3,308677.0,734370.0
2025-06-18 11:19:50.221858,1431.3,308677.0,734370.0
2025-06-18 11:19:51.024837,1431.3,308814.0,735869.0
2025-06-18 11:19:51.221099,1431.3,308814.0,735869.0
2025-06-18 11:19:52.026275,1431.0,310340.0,736000.0
2025-06-18 11:19:52.214909,1431.0,310340.0,736000.0
2025-06-18 11:19:53.037183,1431.0,312584.0,736110.0
2025-06-18 11:19:53.219517,1431.0,312584.0,736110.0
2025-06-18 11:19:54.027173,1431.0,312594.0,736871.0
2025-06-18 11:19:54.210784,1431.0,312594.0,736871.0
2025-06-18 11:19:55.029404,1431.0,311942.0,737175.0
2025-06-18 11:19:55.216247,1431.0,311942.0,737175.0
2025-06-18 11:19:56.033940,1430.9,311833.0,737688.0
2025-06-18 11:19:56.209202,1430.9,311833.0,737688.0
2025-06-18 11:19:57.053529,1430.9,311877.0,737689.0
2025-06-18 11:19:58.040075,1430.9,311588.0,737701.0
2025-06-18 11:20:00.478066,1431.0,311463.0,738682.0
2025-06-18 11:20:00.480376,1431.0,311463.0,738682.0
2025-06-18 11:20:00.516760,1431.0,311374.0,738692.0
2025-06-18 11:20:00.518585,1431.0,311374.0,738692.0
2025-06-18 11:20:01.934107,1430.9,312070.0,738534.0
2025-06-18 11:20:02.240599,1430.9,312070.0,738534.0
2025-06-18 11:20:02.934729,1431.0,312075.0,738697.0
2025-06-18 11:20:03.216017,1431.0,312075.0,738697.0
2025-06-18 11:20:03.935435,1431.0,312139.0,738750.0
2025-06-18 11:20:04.211457,1431.0,312139.0,738750.0
2025-06-18 11:20:04.942942,1431.0,312198.0,738703.0
2025-06-18 11:20:05.938614,1431.0,312119.0,737719.0
2025-06-18 11:20:06.214149,1431.0,312119.0,737719.0
2025-06-18 11:20:06.941712,1431.0,312007.0,736326.0
2025-06-18 11:20:07.212947,1431.0,312007.0,736326.0
2025-06-18 11:20:07.942098,1431.0,311961.0,737337.0
2025-06-18 11:20:08.213892,1431.0,311961.0,737337.0
2025-06-18 11:20:08.943086,1431.0,311967.0,737422.0
2025-06-18 11:20:09.216964,1431.0,311967.0,737422.0
2025-06-18 11:20:09.943125,1431.0,311812.0,737401.0
2025-06-18 11:20:10.942448,1431.0,311821.0,737353.0
2025-06-18 11:20:12.042691,1431.0,312230.0,738046.0
2025-06-18 11:20:12.211728,1431.0,312230.0,738046.0
2025-06-18 11:20:13.154404,1431.0,312142.0,738049.0
2025-06-18 11:20:13.217951,1430.9,312142.0,738049.0
2025-06-18 11:20:14.211161,1431.0,312142.0,738049.0
2025-06-18 11:20:14.245906,1431.0,311960.0,737278.0
2025-06-18 11:20:15.546852,1431.0,312143.0,737544.0
2025-06-18 11:20:16.214547,1431.0,312143.0,737544.0
2025-06-18 11:20:16.747676,1431.0,312239.0,737574.0
2025-06-18 11:20:17.211561,1431.2,312239.0,737574.0
2025-06-18 11:20:17.748331,1431.2,312044.0,736891.0
2025-06-18 11:20:18.854530,1431.2,311747.0,737937.0
2025-06-18 11:20:19.851253,1430.9,309567.0,738064.0
2025-06-18 11:20:20.215806,1430.9,309567.0,738064.0
2025-06-18 11:20:20.851637,1431.0,311677.0,738231.0
2025-06-18 11:20:21.235248,1431.0,311677.0,738231.0
2025-06-18 11:20:21.857360,1431.0,312752.0,736402.0
2025-06-18 11:20:22.211153,1431.0,312752.0,736402.0
2025-06-18 11:20:22.852341,1431.0,312741.0,737534.0
2025-06-18 11:20:23.248335,1431.0,312741.0,737534.0
2025-06-18 11:20:23.854072,1431.0,312598.0,737529.0
2025-06-18 11:20:24.211174,1431.0,312598.0,737529.0
2025-06-18 11:20:24.856492,1431.0,313598.0,737509.0
2025-06-18 11:20:25.855598,1431.0,312540.0,738246.0
2025-06-18 11:20:26.210423,1431.0,312540.0,738246.0
2025-06-18 11:20:26.855951,1431.0,312253.0,738000.0
2025-06-18 11:20:27.857855,1431.0,312251.0,738210.0
2025-06-18 11:20:28.213122,1431.0,312251.0,738210.0
2025-06-18 11:20:28.858442,1431.0,312261.0,738098.0
2025-06-18 11:20:29.958749,1431.0,311909.0,738229.0
2025-06-18 11:20:30.214562,1431.0,311909.0,738229.0
2025-06-18 11:20:30.860088,1431.0,312155.0,738486.0
2025-06-18 11:20:31.958981,1431.0,312235.0,738485.0
2025-06-18 11:20:32.960143,1431.0,312381.0,738486.0
2025-06-18 11:20:33.213425,1431.0,312381.0,738486.0
2025-06-18 11:20:34.059074,1431.0,310745.0,737852.0
2025-06-18 11:20:34.218059,1431.0,310745.0,737852.0
2025-06-18 11:20:35.162467,1431.2,311015.0,738640.0
2025-06-18 11:20:35.212205,1431.2,311015.0,738640.0
2025-06-18 11:20:36.063694,1431.1,311320.0,737969.0
2025-06-18 11:20:36.218660,1431.1,311320.0,737969.0
2025-06-18 11:20:37.165345,1431.0,310922.0,736326.0
2025-06-18 11:20:37.214400,1431.0,310922.0,736326.0
2025-06-18 11:20:38.214963,1431.0,310922.0,736326.0
2025-06-18 11:20:38.263898,1431.0,311051.0,737450.0
2025-06-18 11:20:39.213507,1431.2,311051.0,737450.0
2025-06-18 11:20:39.364281,1431.2,311077.0,737678.0
2025-06-18 11:20:40.223278,1431.2,311077.0,737678.0
2025-06-18 11:20:40.263909,1431.2,311349.0,737217.0
2025-06-18 11:20:41.265740,1431.2,310891.0,737192.0
2025-06-18 11:20:42.217494,1431.1,310891.0,737192.0
2025-06-18 11:20:42.366012,1431.1,310868.0,737273.0
2025-06-18 11:20:43.367270,1431.1,310848.0,737412.0
2025-06-18 11:20:44.215466,1431.2,310848.0,737412.0
2025-06-18 11:20:44.369608,1431.2,311021.0,737263.0
2025-06-18 11:20:45.218286,1431.2,311021.0,737263.0
2025-06-18 11:20:45.368715,1431.2,311046.0,737733.0
2025-06-18 11:20:46.212890,1431.2,311046.0,737733.0
2025-06-18 11:20:46.370130,1431.2,310795.0,737367.0
2025-06-18 11:20:47.292890,1431.1,310795.0,737367.0
2025-06-18 11:20:47.371311,1431.2,310690.0,736386.0
2025-06-18 11:20:48.212886,1431.2,310690.0,736386.0
2025-06-18 11:20:48.371019,1431.2,310749.0,736702.0
2025-06-18 11:20:49.213681,1431.2,310749.0,736702.0
2025-06-18 11:20:49.371401,1431.2,310863.0,736258.0
2025-06-18 11:20:50.373095,1431.2,310832.0,736519.0
2025-06-18 11:20:51.225929,1431.2,310832.0,736519.0
2025-06-18 11:20:51.372730,1431.2,310715.0,736641.0
2025-06-18 11:20:52.210808,1431.2,310715.0,736641.0
2025-06-18 11:20:52.471560,1431.2,310581.0,736845.0
2025-06-18 11:20:53.217992,1431.2,310581.0,736845.0
2025-06-18 11:20:53.572705,1431.2,311149.0,736325.0
2025-06-18 11:20:54.220569,1431.2,311149.0,736325.0
2025-06-18 11:20:54.575097,1431.2,311194.0,736227.0
2025-06-18 11:20:55.217992,1431.1,311194.0,736227.0
2025-06-18 11:20:55.475714,1431.1,310024.0,736379.0
2025-06-18 11:20:56.253453,1431.4,310024.0,736379.0
2025-06-18 11:20:56.574695,1431.2,305311.0,736185.0
2025-06-18 11:20:57.219658,1431.1,305311.0,736185.0
2025-06-18 11:20:57.575928,1431.4,309950.0,737214.0
2025-06-18 11:20:58.218549,1431.4,309950.0,737214.0
2025-06-18 11:20:58.759109,1431.3,310527.0,736879.0
2025-06-18 11:20:59.218105,1431.3,310527.0,736879.0
2025-06-18 11:20:59.774892,1431.3,310366.0,737018.0
2025-06-18 11:21:00.774087,1431.4,310168.0,737357.0
2025-06-18 11:21:01.227398,1431.4,310168.0,737357.0
2025-06-18 11:21:02.218921,1431.0,310168.0,737357.0
2025-06-18 11:21:03.678582,1431.4,310661.0,736102.0
2025-06-18 11:21:04.223939,1431.4,310661.0,736102.0
2025-06-18 11:21:06.227851,1431.4,310661.0,736102.0
2025-06-18 11:21:07.219129,1431.3,310661.0,736102.0
2025-06-18 11:21:08.684516,1431.4,314779.0,737108.0
2025-06-18 11:21:09.219391,1431.4,314779.0,737108.0
2025-06-18 11:21:10.221144,1431.4,314779.0,737108.0
2025-06-18 11:21:12.226383,1431.3,314779.0,737108.0
2025-06-18 11:21:13.486204,1431.4,314730.0,736750.0
2025-06-18 11:21:14.217925,1431.3,314730.0,736750.0
2025-06-18 11:21:15.237689,1431.3,314730.0,736750.0
2025-06-18 11:21:16.235125,1431.3,314730.0,736750.0
2025-06-18 11:21:17.265576,1431.3,314730.0,736750.0
2025-06-18 11:21:18.092978,1431.3,313460.0,734872.0
2025-06-18 11:21:19.222338,1431.3,313460.0,734872.0
2025-06-18 11:21:20.223669,1431.3,313460.0,734872.0
2025-06-18 11:21:21.232868,1431.2,313460.0,734872.0
2025-06-18 11:21:22.993277,1431.3,313952.0,736105.0
2025-06-18 11:21:23.229957,1431.3,313952.0,736105.0
2025-06-18 11:21:24.240286,1431.4,313952.0,736105.0
2025-06-18 11:21:25.228659,1431.4,313952.0,736105.0
2025-06-18 11:21:26.223634,1431.4,313952.0,736105.0
2025-06-18 11:21:27.231688,1431.5,313952.0,736105.0
2025-06-18 11:21:28.197065,1431.6,314310.0,733735.0
2025-06-18 11:21:28.223497,1431.6,314310.0,733735.0
2025-06-18 11:21:29.222429,1431.6,314310.0,733735.0
2025-06-18 11:21:30.223147,1431.6,314310.0,733735.0
2025-06-18 11:21:32.220539,1431.6,314310.0,733735.0
2025-06-18 11:21:33.196784,1431.5,314006.0,734751.0
2025-06-18 11:21:33.225059,1431.5,314006.0,734751.0
2025-06-18 11:21:34.222399,1431.6,314006.0,734751.0
2025-06-18 11:21:35.226515,1431.5,314006.0,734751.0
2025-06-18 11:21:36.220948,1431.6,314006.0,734751.0
2025-06-18 11:21:38.000580,1431.8,313121.0,734086.0
2025-06-18 11:21:38.231772,1431.7,313121.0,734086.0
2025-06-18 11:21:39.249612,1431.8,313121.0,734086.0
2025-06-18 11:21:40.225498,1431.5,313121.0,734086.0
2025-06-18 11:21:41.224761,1431.5,313121.0,734086.0
2025-06-18 11:21:42.503347,1431.5,311922.0,737280.0
2025-06-18 11:21:43.228502,1431.6,311922.0,737280.0
2025-06-18 11:21:44.227330,1431.7,311922.0,737280.0
2025-06-18 11:21:46.239092,1431.9,311922.0,737280.0
2025-06-18 11:21:47.203917,1431.9,311139.0,733606.0
2025-06-18 11:21:48.229643,1431.7,311139.0,733606.0
2025-06-18 11:21:49.053889,1431.7,311139.0,733606.0
2025-06-18 11:21:49.227940,1431.6,311139.0,733606.0
2025-06-18 11:21:50.218776,1431.6,311139.0,733606.0
2025-06-18 11:21:51.064331,1431.6,311139.0,733606.0
2025-06-18 11:21:51.256852,1431.6,311139.0,733606.0
2025-06-18 11:21:52.587362,1431.6,311139.0,733606.0
2025-06-18 11:21:52.592032,1431.6,314461.0,736989.0
2025-06-18 11:21:52.644333,1431.6,314461.0,736989.0
2025-06-18 11:21:52.853018,1431.6,314461.0,736989.0
2025-06-18 11:21:53.658766,1431.6,314461.0,736989.0
2025-06-18 11:21:54.227313,1431.5,314461.0,736989.0
2025-06-18 11:21:54.668249,1431.5,314461.0,736989.0
2025-06-18 11:21:55.224544,1431.5,314461.0,736989.0
2025-06-18 11:21:55.244293,1431.6,314461.0,736989.0
2025-06-18 11:21:55.647619,1431.6,314461.0,736989.0
2025-06-18 11:21:56.125532,1431.6,314461.0,736989.0
2025-06-18 11:21:56.223649,1431.6,314461.0,736989.0
2025-06-18 11:21:56.485550,1431.6,314461.0,736989.0
2025-06-18 11:21:57.230329,1431.6,311963.0,734570.0
2025-06-18 11:21:57.238724,1431.6,311963.0,734570.0
2025-06-18 11:21:57.366339,1431.6,311963.0,734570.0
2025-06-18 11:21:58.703657,1431.6,311963.0,734570.0
2025-06-18 11:21:59.260950,1431.8,311963.0,734570.0
2025-06-18 11:21:59.522501,1431.8,311963.0,734570.0
2025-06-18 11:22:00.228583,1431.5,311963.0,734570.0
2025-06-18 11:22:00.887560,1431.5,311963.0,734570.0
2025-06-18 11:22:01.629098,1431.6,311695.0,736218.0
2025-06-18 11:22:02.025519,1431.6,311695.0,736218.0
2025-06-18 11:22:02.219499,1431.6,311695.0,736218.0
2025-06-18 11:22:02.718753,1431.5,310355.0,737171.0
2025-06-18 11:22:03.222744,1431.8,310355.0,737171.0
2025-06-18 11:22:03.402481,1431.8,310355.0,737171.0
2025-06-18 11:22:05.126240,1432.0,309800.0,734433.0
2025-06-18 11:22:05.182935,1431.5,309800.0,734433.0
2025-06-18 11:22:05.195183,1431.5,309601.0,737099.0
2025-06-18 11:22:05.227116,1431.5,309601.0,737099.0
2025-06-18 11:22:05.231300,1431.5,309601.0,737099.0
2025-06-18 11:22:05.917049,1431.6,310575.0,737342.0
2025-06-18 11:22:06.219967,1431.6,310575.0,737342.0
2025-06-18 11:22:07.017452,1431.5,310638.0,737444.0
2025-06-18 11:22:07.219436,1431.5,310638.0,737444.0
2025-06-18 11:22:08.130948,1431.5,310941.0,737844.0
2025-06-18 11:22:09.143171,1431.6,310998.0,737474.0
2025-06-18 11:22:09.217317,1431.6,310998.0,737474.0
2025-06-18 11:22:10.216842,1431.4,310998.0,737474.0
2025-06-18 11:22:10.645832,1431.4,309219.0,738343.0
2025-06-18 11:22:11.301378,1431.4,309219.0,738343.0
2025-06-18 11:22:11.634705,1431.4,309305.0,738612.0
2025-06-18 11:22:12.218579,1431.6,309305.0,738612.0
2025-06-18 11:22:13.134030,1431.4,309845.0,737203.0
2025-06-18 11:22:13.221980,1431.4,309845.0,737203.0
2025-06-18 11:22:14.134720,1431.4,309823.0,737496.0
2025-06-18 11:22:14.218779,1431.1,309823.0,737496.0
2025-06-18 11:22:15.219610,1431.1,309823.0,737496.0
2025-06-18 11:22:15.260829,1431.1,309019.0,736854.0
2025-06-18 11:22:16.323830,1431.1,309061.0,738209.0
2025-06-18 11:22:17.217612,1431.4,309061.0,738209.0
2025-06-18 11:22:17.325875,1431.4,308991.0,738163.0
2025-06-18 11:22:18.218913,1431.3,308991.0,738163.0
2025-06-18 11:22:18.327475,1431.3,309107.0,738169.0
