timestamp,ltp,bid_qty,ask_qty
2025-06-18 11:01:36.688797,1800.0,85753.0,84736.0
2025-06-18 11:01:36.842875,1800.0,86143.0,84574.0
2025-06-18 11:01:37.137683,1800.0,86143.0,84574.0
2025-06-18 11:01:38.016705,1800.0,86168.0,84658.0
2025-06-18 11:01:38.130849,1800.0,86168.0,84658.0
2025-06-18 11:01:39.040322,1800.0,85899.0,84832.0
2025-06-18 11:01:40.041903,1800.0,85985.0,84724.0
2025-06-18 11:01:41.147157,1800.0,85938.0,84611.0
2025-06-18 11:01:42.136316,1800.0,85938.0,84611.0
2025-06-18 11:01:42.148620,1800.0,85884.0,84830.0
2025-06-18 11:01:43.243161,1800.0,85884.0,84721.0
2025-06-18 11:01:44.345771,1800.0,85841.0,84659.0
2025-06-18 11:01:45.459169,1800.0,85876.0,84681.0
2025-06-18 11:01:46.453939,1800.0,85921.0,84435.0
2025-06-18 11:01:47.548829,1800.0,85906.0,84389.0
2025-06-18 11:01:48.653496,1800.0,85614.0,84435.0
2025-06-18 11:01:49.173821,1800.0,85614.0,84435.0
2025-06-18 11:01:49.652301,1800.0,85615.0,84435.0
2025-06-18 11:01:50.661564,1800.0,85615.0,84435.0
2025-06-18 11:01:51.658894,1800.0,85629.0,84462.0
2025-06-18 11:01:52.653376,1800.0,85577.0,84457.0
2025-06-18 11:01:53.135096,1800.0,85577.0,84457.0
2025-06-18 11:01:53.754415,1800.0,85577.0,84350.0
2025-06-18 11:01:54.200667,1800.0,85577.0,84350.0
2025-06-18 11:01:54.752213,1800.0,85318.0,84534.0
2025-06-18 11:01:55.751550,1800.0,85447.0,84589.0
2025-06-18 11:01:56.853218,1800.0,85612.0,84466.0
2025-06-18 11:01:57.144691,1799.9,85612.0,84466.0
2025-06-18 11:01:57.976739,1799.9,85789.0,84036.0
2025-06-18 11:01:58.974135,1799.9,85782.0,84364.0
2025-06-18 11:01:59.964969,1799.9,85709.0,84368.0
2025-06-18 11:02:03.055408,1799.9,85571.0,84344.0
2025-06-18 11:02:07.142535,1800.0,85571.0,84344.0
2025-06-18 11:02:08.360457,1800.0,85683.0,83767.0
2025-06-18 11:02:09.138116,1800.0,85683.0,83767.0
2025-06-18 11:02:11.142800,1799.6,85683.0,83767.0
2025-06-18 11:02:13.764622,1799.6,85473.0,84221.0
2025-06-18 11:02:17.141309,1800.0,85473.0,84221.0
2025-06-18 11:02:19.069797,1800.0,85410.0,84371.0
2025-06-18 11:02:19.136761,1800.0,85410.0,84371.0
2025-06-18 11:02:23.143101,1800.0,85410.0,84371.0
2025-06-18 11:02:24.182695,1800.0,85866.0,84247.0
2025-06-18 11:02:25.140237,1800.0,85866.0,84247.0
2025-06-18 11:02:29.143428,1800.0,85866.0,84247.0
2025-06-18 11:02:29.277919,1800.0,85512.0,84340.0
2025-06-18 11:02:34.576289,1800.0,85412.0,84441.0
2025-06-18 11:02:35.151564,1800.0,85412.0,84441.0
2025-06-18 11:02:37.144309,1800.0,85412.0,84441.0
2025-06-18 11:02:40.014914,1800.0,84416.0,84218.0
2025-06-18 11:02:41.140126,1800.0,84416.0,84218.0
2025-06-18 11:02:43.148326,1800.0,84416.0,84218.0
2025-06-18 11:02:45.145018,1800.0,84416.0,84218.0
2025-06-18 11:02:45.188001,1800.0,84383.0,84480.0
2025-06-18 11:02:49.147895,1800.0,84383.0,84480.0
2025-06-18 11:02:50.387381,1799.5,84457.0,84519.0
2025-06-18 11:02:51.228733,1799.6,84457.0,84519.0
2025-06-18 11:02:53.146457,1800.0,84457.0,84519.0
2025-06-18 11:02:55.793481,1800.0,84269.0,84399.0
2025-06-18 11:02:57.150201,1799.0,84269.0,84399.0
2025-06-18 11:02:59.147691,1799.8,84269.0,84399.0
2025-06-18 11:03:00.898020,1799.8,83809.0,84875.0
2025-06-18 11:03:01.139216,1799.9,83809.0,84875.0
2025-06-18 11:03:05.144063,1799.9,83809.0,84875.0
2025-06-18 11:03:06.200637,1799.9,83789.0,84373.0
2025-06-18 11:03:07.145745,1799.9,83789.0,84373.0
2025-06-18 11:03:09.149324,1799.9,83789.0,84373.0
2025-06-18 11:03:11.148799,1799.9,83789.0,84373.0
2025-06-18 11:03:11.501341,1800.0,84331.0,84569.0
2025-06-18 11:03:13.145100,1800.0,84331.0,84569.0
2025-06-18 11:03:16.701877,1800.0,84531.0,84669.0
2025-06-18 11:03:17.149153,1800.0,84531.0,84669.0
2025-06-18 11:03:19.149483,1800.0,84531.0,84669.0
2025-06-18 11:03:21.206409,1800.0,84531.0,84669.0
2025-06-18 11:03:21.905540,1800.0,85096.0,84595.0
2025-06-18 11:03:23.152032,1800.0,85096.0,84595.0
2025-06-18 11:03:25.147323,1800.0,85096.0,84595.0
2025-06-18 11:03:27.109799,1799.9,84590.0,84323.0
2025-06-18 11:03:27.148458,1799.9,84590.0,84323.0
2025-06-18 11:03:29.150173,1800.0,84590.0,84323.0
2025-06-18 11:03:32.515610,1800.0,84742.0,84695.0
2025-06-18 11:03:35.150498,1800.0,84742.0,84695.0
2025-06-18 11:03:37.152614,1800.0,84742.0,84695.0
2025-06-18 11:03:38.117236,1800.0,84653.0,84486.0
2025-06-18 11:03:39.149167,1800.0,84653.0,84486.0
2025-06-18 11:03:43.156677,1800.0,84653.0,84486.0
2025-06-18 11:03:43.318609,1800.0,84690.0,84569.0
2025-06-18 11:03:45.167998,1800.0,84690.0,84569.0
2025-06-18 11:03:46.027579,1800.0,84690.0,84569.0
2025-06-18 11:03:47.121240,1800.0,84690.0,84569.0
2025-06-18 11:03:48.132949,1800.0,84509.0,84511.0
2025-06-18 11:03:48.901391,1800.0,84509.0,84511.0
2025-06-18 11:03:49.160162,1800.0,84509.0,84511.0
2025-06-18 11:03:49.747196,1800.0,84509.0,84511.0
2025-06-18 11:03:50.556362,1800.0,84509.0,84511.0
2025-06-18 11:03:51.596006,1800.0,84509.0,84511.0
2025-06-18 11:03:52.229345,1800.0,84509.0,84511.0
2025-06-18 11:03:52.823886,1800.0,84817.0,84667.0
2025-06-18 11:03:53.074629,1800.0,84817.0,84667.0
2025-06-18 11:03:53.199694,1800.0,84817.0,84667.0
2025-06-18 11:03:53.444867,1800.0,84817.0,84667.0
2025-06-18 11:03:54.476971,1800.0,84817.0,84667.0
2025-06-18 11:03:55.168878,1799.9,84817.0,84667.0
2025-06-18 11:03:55.725447,1799.9,84817.0,84667.0
2025-06-18 11:03:56.583325,1799.9,84817.0,84667.0
2025-06-18 11:04:00.459384,1800.0,84666.0,84675.0
2025-06-18 11:04:00.508737,1800.0,84666.0,84675.0
2025-06-18 11:04:00.512849,1800.0,84666.0,84675.0
2025-06-18 11:04:00.540969,1800.0,84666.0,84675.0
2025-06-18 11:04:00.552159,1800.0,84666.0,84675.0
2025-06-18 11:04:01.733516,1800.0,84837.0,84685.0
2025-06-18 11:04:01.922774,1800.0,84837.0,84685.0
2025-06-18 11:04:02.634028,1800.0,84826.0,84685.0
2025-06-18 11:04:03.199782,1799.2,84826.0,84685.0
2025-06-18 11:04:03.731276,1799.2,84572.0,84829.0
2025-06-18 11:04:04.157759,1800.0,84572.0,84829.0
2025-06-18 11:04:04.731302,1800.0,84325.0,84752.0
2025-06-18 11:04:05.195453,1799.2,84325.0,84752.0
2025-06-18 11:04:05.731069,1799.2,84252.0,84862.0
2025-06-18 11:04:06.636486,1799.2,84238.0,84893.0
2025-06-18 11:04:07.156307,1800.0,84238.0,84893.0
2025-06-18 11:04:07.638158,1800.0,84425.0,84773.0
2025-06-18 11:04:08.739020,1800.0,84320.0,84585.0
2025-06-18 11:04:09.836308,1800.0,84302.0,84269.0
2025-06-18 11:04:10.162623,1800.0,84302.0,84269.0
2025-06-18 11:04:10.937176,1800.0,84302.0,84529.0
2025-06-18 11:04:11.939646,1800.0,84342.0,84630.0
2025-06-18 11:04:12.159416,1800.0,84342.0,84630.0
2025-06-18 11:04:13.038939,1800.0,84416.0,84644.0
2025-06-18 11:04:14.145199,1800.0,84402.0,84609.0
2025-06-18 11:04:14.155149,1800.0,84402.0,84609.0
2025-06-18 11:04:15.243526,1800.0,83978.0,84652.0
2025-06-18 11:04:16.240523,1800.0,84006.0,84657.0
2025-06-18 11:04:17.241983,1800.0,83992.0,84757.0
2025-06-18 11:04:18.147446,1800.0,84017.0,84629.0
2025-06-18 11:04:19.183500,1800.0,83962.0,84509.0
2025-06-18 11:04:19.186700,1800.0,83962.0,84509.0
2025-06-18 11:04:20.153408,1800.0,83962.0,84509.0
2025-06-18 11:04:20.252513,1800.0,84264.0,84638.0
2025-06-18 11:04:21.355346,1800.0,84377.0,84668.0
2025-06-18 11:04:22.461221,1800.0,84385.0,84574.0
2025-06-18 11:04:23.154001,1800.0,84385.0,84574.0
2025-06-18 11:04:23.557414,1800.0,84415.0,84599.0
2025-06-18 11:04:24.158945,1800.0,84415.0,84599.0
2025-06-18 11:04:24.557123,1800.0,84344.0,84587.0
2025-06-18 11:04:25.662935,1800.0,84585.0,84735.0
2025-06-18 11:04:26.761691,1800.0,84781.0,84616.0
2025-06-18 11:04:27.859191,1800.0,84696.0,84733.0
2025-06-18 11:04:28.152419,1800.0,84696.0,84733.0
2025-06-18 11:04:29.761373,1800.0,84696.0,84733.0
2025-06-18 11:04:30.861474,1800.0,84670.0,84733.0
2025-06-18 11:04:33.365587,1800.0,84053.0,85091.0
2025-06-18 11:04:34.167968,1799.9,84053.0,85091.0
2025-06-18 11:04:34.470667,1799.9,84240.0,84675.0
2025-06-18 11:04:35.161933,1799.2,84240.0,84675.0
2025-06-18 11:04:35.563630,1799.2,84009.0,85008.0
2025-06-18 11:04:36.666153,1799.2,84006.0,85012.0
2025-06-18 11:04:37.164622,1800.0,84006.0,85012.0
2025-06-18 11:04:37.766233,1800.0,84281.0,84673.0
2025-06-18 11:04:38.151973,1800.0,84281.0,84673.0
2025-06-18 11:04:38.763592,1800.0,84396.0,84804.0
2025-06-18 11:04:39.864272,1800.0,84346.0,84696.0
2025-06-18 11:04:40.157416,1800.0,84346.0,84696.0
2025-06-18 11:04:40.872614,1800.0,84401.0,84442.0
2025-06-18 11:04:41.972564,1800.0,84489.0,84537.0
2025-06-18 11:04:43.067785,1800.0,84489.0,84553.0
2025-06-18 11:04:44.157503,1800.0,84489.0,84553.0
2025-06-18 11:04:44.175875,1800.0,84547.0,84646.0
2025-06-18 11:04:45.276538,1800.0,84611.0,84663.0
2025-06-18 11:04:46.270714,1800.0,84611.0,84665.0
2025-06-18 11:04:47.280450,1800.0,84637.0,84665.0
2025-06-18 11:04:48.179853,1800.0,84649.0,84648.0
2025-06-18 11:04:49.157867,1800.0,84649.0,84648.0
2025-06-18 11:04:49.272736,1800.0,84771.0,84900.0
2025-06-18 11:04:50.168099,1800.0,84771.0,84900.0
2025-06-18 11:04:50.373207,1800.0,84859.0,84865.0
2025-06-18 11:04:51.156872,1799.4,84859.0,84865.0
2025-06-18 11:04:51.371320,1799.4,84688.0,84989.0
2025-06-18 11:04:52.175953,1800.0,84688.0,84989.0
2025-06-18 11:04:52.500132,1800.0,84711.0,84898.0
2025-06-18 11:04:53.483627,1800.0,84840.0,84687.0
2025-06-18 11:04:54.170441,1800.0,84840.0,84687.0
2025-06-18 11:04:54.523269,1800.0,84901.0,84698.0
2025-06-18 11:04:55.573060,1800.0,84886.0,84698.0
2025-06-18 11:04:56.149234,1800.0,84886.0,84698.0
2025-06-18 11:04:56.576056,1800.0,85035.0,84423.0
2025-06-18 11:04:57.675614,1800.0,85070.0,84440.0
2025-06-18 11:04:58.775073,1800.0,85089.0,84227.0
2025-06-18 11:04:59.876902,1800.0,85077.0,84177.0
2025-06-18 11:05:00.156259,1800.0,85077.0,84177.0
2025-06-18 11:05:05.122846,1800.0,85021.0,84363.0
2025-06-18 11:05:05.206800,1800.0,85021.0,84363.0
2025-06-18 11:05:07.387991,1800.0,85021.0,84363.0
2025-06-18 11:05:07.880641,1800.0,84681.0,84224.0
2025-06-18 11:05:09.188423,1799.9,84681.0,84224.0
2025-06-18 11:05:13.080005,1799.3,82519.0,86852.0
2025-06-18 11:05:13.157249,1799.3,82519.0,86852.0
2025-06-18 11:05:15.161521,1799.1,82519.0,86852.0
2025-06-18 11:05:17.165683,1799.3,82519.0,86852.0
2025-06-18 11:05:18.686110,1799.3,82593.0,86874.0
2025-06-18 11:05:19.191517,1799.3,82593.0,86874.0
2025-06-18 11:05:21.168001,1799.0,82593.0,86874.0
2025-06-18 11:05:23.196392,1799.3,82593.0,86874.0
2025-06-18 11:05:23.688398,1799.3,82460.0,86425.0
2025-06-18 11:05:25.152003,1799.2,82460.0,86425.0
2025-06-18 11:05:28.675713,1799.3,82469.0,86456.0
2025-06-18 11:05:29.162541,1799.3,82469.0,86456.0
2025-06-18 11:05:31.161603,1798.9,82469.0,86456.0
2025-06-18 11:05:33.203480,1797.8,82469.0,86456.0
2025-06-18 11:05:35.120150,1797.8,81218.0,88112.0
2025-06-18 11:05:37.162956,1799.1,81218.0,88112.0
2025-06-18 11:05:39.272951,1799.1,82022.0,86884.0
2025-06-18 11:05:39.276998,1799.1,82022.0,86884.0
2025-06-18 11:05:41.165192,1799.1,82022.0,86884.0
2025-06-18 11:05:44.100914,1799.1,81464.0,86952.0
2025-06-18 11:05:45.162337,1799.1,81464.0,86952.0
2025-06-18 11:05:49.103360,1799.2,81310.0,87098.0
2025-06-18 11:05:49.168229,1799.2,81310.0,87098.0
2025-06-18 11:05:51.162704,1798.3,81310.0,87098.0
2025-06-18 11:05:53.159447,1799.1,81310.0,87098.0
2025-06-18 11:05:54.388316,1799.2,81476.0,86790.0
2025-06-18 11:05:55.159040,1799.1,81476.0,86790.0
2025-06-18 11:05:57.179530,1799.1,81476.0,86790.0
2025-06-18 11:05:59.312452,1799.1,81598.0,86611.0
2025-06-18 11:06:01.165234,1799.1,81598.0,86611.0
2025-06-18 11:06:01.615517,1799.1,81458.0,86927.0
2025-06-18 11:06:02.163888,1799.0,81458.0,86927.0
2025-06-18 11:06:02.714100,1799.0,81566.0,87268.0
2025-06-18 11:06:03.712906,1799.0,81289.0,87040.0
2025-06-18 11:06:04.822667,1799.0,81575.0,86473.0
2025-06-18 11:06:05.915907,1799.0,81709.0,86451.0
2025-06-18 11:06:07.018713,1799.0,81371.0,87098.0
2025-06-18 11:06:07.165362,1799.2,81371.0,87098.0
2025-06-18 11:06:08.118526,1799.2,81386.0,87090.0
2025-06-18 11:06:09.117809,1799.2,81387.0,86904.0
2025-06-18 11:06:10.116704,1799.2,81817.0,86278.0
2025-06-18 11:06:10.197551,1799.2,81817.0,86278.0
2025-06-18 11:06:11.117401,1799.2,82151.0,85662.0
2025-06-18 11:06:11.199878,1799.4,82151.0,85662.0
2025-06-18 11:06:12.018453,1799.4,81883.0,86291.0
2025-06-18 11:06:13.118948,1799.5,81857.0,87276.0
2025-06-18 11:06:13.168292,1799.5,81857.0,87276.0
2025-06-18 11:06:14.124105,1799.4,82062.0,86380.0
2025-06-18 11:06:14.161482,1799.4,82062.0,86380.0
2025-06-18 11:06:15.164164,1799.5,82062.0,86380.0
2025-06-18 11:06:15.229080,1799.5,81691.0,86741.0
2025-06-18 11:06:16.158284,1799.5,81691.0,86741.0
2025-06-18 11:06:16.325425,1799.5,81765.0,86581.0
2025-06-18 11:06:17.320236,1799.5,81841.0,86358.0
2025-06-18 11:06:18.164871,1799.4,81841.0,86358.0
2025-06-18 11:06:18.223776,1799.4,81940.0,87215.0
2025-06-18 11:06:19.155457,1799.4,81940.0,87215.0
2025-06-18 11:06:19.321775,1799.4,82014.0,86908.0
2025-06-18 11:06:20.323402,1799.4,81975.0,86872.0
2025-06-18 11:06:21.425466,1799.4,82354.0,86406.0
2025-06-18 11:06:22.160383,1799.6,82354.0,86406.0
2025-06-18 11:06:22.423630,1799.6,82157.0,86161.0
2025-06-18 11:06:23.164201,1799.6,82157.0,86161.0
2025-06-18 11:06:23.425362,1799.6,82240.0,85574.0
2025-06-18 11:06:24.164865,1799.6,82240.0,85574.0
2025-06-18 11:06:24.425474,1799.5,81978.0,86893.0
2025-06-18 11:06:25.160021,1799.5,81978.0,86893.0
2025-06-18 11:06:25.427440,1799.5,82043.0,86402.0
2025-06-18 11:06:26.528580,1799.5,82051.0,86414.0
2025-06-18 11:06:27.627111,1799.5,82051.0,86326.0
2025-06-18 11:06:28.528169,1799.5,81960.0,86426.0
2025-06-18 11:06:29.629303,1799.5,82171.0,86256.0
2025-06-18 11:06:30.732642,1799.5,82131.0,86289.0
2025-06-18 11:06:31.732064,1799.7,82520.0,85381.0
2025-06-18 11:06:32.167422,1799.7,82520.0,85381.0
2025-06-18 11:06:32.736322,1799.7,82463.0,85882.0
2025-06-18 11:06:33.165193,1799.8,82463.0,85882.0
2025-06-18 11:06:33.732814,1799.8,82933.0,84891.0
2025-06-18 11:06:34.227222,1799.8,82933.0,84891.0
2025-06-18 11:06:34.836936,1799.8,82924.0,84918.0
2025-06-18 11:06:35.937338,1799.8,82683.0,85203.0
2025-06-18 11:06:37.036213,1800.0,82730.0,84888.0
2025-06-18 11:06:37.160046,1800.0,82730.0,84888.0
2025-06-18 11:06:37.935397,1800.0,82679.0,85221.0
2025-06-18 11:06:38.158748,1800.0,82679.0,85221.0
2025-06-18 11:06:38.939004,1800.0,82705.0,85589.0
2025-06-18 11:06:40.437224,1800.0,82665.0,85505.0
2025-06-18 11:06:41.162189,1799.8,82665.0,85505.0
2025-06-18 11:06:41.537530,1799.8,82738.0,85245.0
2025-06-18 11:06:42.538426,1799.8,82683.0,85538.0
2025-06-18 11:06:43.440114,1799.8,82655.0,85267.0
2025-06-18 11:06:44.160953,1800.0,82655.0,85267.0
2025-06-18 11:06:44.754728,1800.0,82578.0,85397.0
2025-06-18 11:06:45.539924,1800.0,82604.0,85392.0
2025-06-18 11:06:46.163813,1800.0,82604.0,85392.0
2025-06-18 11:06:46.717710,1800.0,82576.0,85344.0
2025-06-18 11:06:46.760513,1800.0,82576.0,85344.0
2025-06-18 11:06:47.441764,1800.0,82581.0,85361.0
2025-06-18 11:06:47.621405,1800.0,82581.0,85361.0
2025-06-18 11:06:48.169340,1800.0,82581.0,85361.0
2025-06-18 11:06:48.441506,1800.0,82480.0,84939.0
2025-06-18 11:06:48.555718,1800.0,82480.0,84939.0
2025-06-18 11:06:49.163059,1800.0,82480.0,84939.0
2025-06-18 11:06:49.769069,1800.0,82480.0,84939.0
2025-06-18 11:06:49.805955,1800.0,82321.0,85690.0
2025-06-18 11:06:50.161846,1799.8,82321.0,85690.0
2025-06-18 11:06:50.287096,1799.8,82321.0,85690.0
2025-06-18 11:06:50.539607,1799.8,82304.0,85588.0
2025-06-18 11:06:51.056399,1799.8,82304.0,85588.0
2025-06-18 11:06:51.442932,1799.8,82312.0,85364.0
2025-06-18 11:06:52.046671,1799.8,82312.0,85364.0
2025-06-18 11:06:52.168163,1800.0,82312.0,85364.0
2025-06-18 11:06:52.445721,1800.0,82379.0,85449.0
2025-06-18 11:06:52.604173,1800.0,82379.0,85449.0
2025-06-18 11:06:53.446091,1799.9,82332.0,85858.0
2025-06-18 11:06:53.517978,1799.9,82332.0,85858.0
2025-06-18 11:06:54.200328,1800.0,82332.0,85858.0
2025-06-18 11:06:54.445414,1800.0,82259.0,85647.0
2025-06-18 11:06:54.761542,1800.0,82259.0,85647.0
2025-06-18 11:06:55.445593,1800.0,82274.0,85693.0
2025-06-18 11:06:56.267503,1800.0,82274.0,85693.0
2025-06-18 11:06:56.349194,1800.0,82303.0,85693.0
2025-06-18 11:06:57.106660,1800.0,82303.0,85693.0
2025-06-18 11:06:57.445183,1799.9,82317.0,85210.0
2025-06-18 11:06:58.335695,1799.9,82317.0,85210.0
2025-06-18 11:06:58.445203,1799.9,82238.0,85771.0
2025-06-18 11:06:58.542576,1799.9,82238.0,85771.0
2025-06-18 11:06:59.158725,1799.8,82238.0,85771.0
2025-06-18 11:06:59.347380,1799.8,82239.0,86045.0
2025-06-18 11:06:59.692898,1799.8,82239.0,86045.0
2025-06-18 11:07:00.346696,1799.8,81908.0,86016.0
2025-06-18 11:07:00.830742,1799.8,81908.0,86016.0
2025-06-18 11:07:01.157829,1799.9,81908.0,86016.0
2025-06-18 11:07:01.449726,1799.9,82108.0,86066.0
2025-06-18 11:07:02.289694,1799.9,82108.0,86066.0
2025-06-18 11:07:02.654146,1799.9,82102.0,86072.0
2025-06-18 11:07:05.035882,1799.9,82133.0,85589.0
2025-06-18 11:07:05.080805,1798.9,82133.0,85589.0
2025-06-18 11:07:05.114550,1798.9,82027.0,86973.0
2025-06-18 11:07:05.753504,1798.9,82038.0,87055.0
2025-06-18 11:07:06.161197,1798.7,82038.0,87055.0
2025-06-18 11:07:06.753848,1798.7,81892.0,87145.0
2025-06-18 11:07:07.158753,1799.3,81892.0,87145.0
2025-06-18 11:07:10.436243,1799.3,81978.0,86935.0
2025-06-18 11:07:10.524727,1799.3,81893.0,86788.0
2025-06-18 11:07:10.536489,1799.5,81936.0,86464.0
2025-06-18 11:07:10.574609,1799.5,81936.0,86464.0
2025-06-18 11:07:10.763593,1799.1,81399.0,87172.0
2025-06-18 11:07:11.163755,1799.1,81399.0,87172.0
2025-06-18 11:07:12.358664,1799.1,81822.0,86778.0
2025-06-18 11:07:13.162615,1798.8,81822.0,86778.0
2025-06-18 11:07:13.357163,1798.8,82093.0,86736.0
2025-06-18 11:07:14.358076,1798.8,81743.0,86720.0
2025-06-18 11:07:15.360236,1798.8,81672.0,86634.0
2025-06-18 11:07:16.357909,1798.8,81168.0,86572.0
2025-06-18 11:07:17.458168,1799.4,81512.0,87055.0
2025-06-18 11:07:18.168310,1799.4,81512.0,87055.0
2025-06-18 11:07:18.459559,1799.4,81485.0,87072.0
2025-06-18 11:07:19.163153,1799.4,81485.0,87072.0
2025-06-18 11:07:19.460394,1799.4,81518.0,86799.0
2025-06-18 11:07:20.459745,1799.4,81488.0,86691.0
2025-06-18 11:07:21.166989,1799.3,81488.0,86691.0
2025-06-18 11:07:21.459202,1799.3,81408.0,86822.0
2025-06-18 11:07:22.199788,1799.3,81408.0,86822.0
2025-06-18 11:07:22.460280,1799.3,81362.0,86638.0
2025-06-18 11:07:23.163111,1799.2,81362.0,86638.0
2025-06-18 11:07:23.561896,1799.2,81423.0,87034.0
2025-06-18 11:07:24.561656,1799.2,81544.0,86738.0
2025-06-18 11:07:25.664122,1799.3,81475.0,86927.0
2025-06-18 11:07:26.218883,1799.3,81475.0,86927.0
2025-06-18 11:07:26.760228,1799.3,81477.0,86741.0
2025-06-18 11:07:27.170194,1799.2,81477.0,86741.0
2025-06-18 11:07:27.867282,1799.3,81898.0,86907.0
2025-06-18 11:07:28.166475,1799.3,81898.0,86907.0
2025-06-18 11:07:28.860462,1798.9,81642.0,86826.0
2025-06-18 11:07:29.173632,1798.9,81642.0,86826.0
2025-06-18 11:07:29.898293,1798.9,81692.0,86899.0
2025-06-18 11:07:30.962864,1798.9,81712.0,86050.0
2025-06-18 11:07:31.965103,1799.5,81460.0,87155.0
2025-06-18 11:07:32.177287,1799.5,81460.0,87155.0
2025-06-18 11:07:32.966838,1799.5,81548.0,86668.0
2025-06-18 11:07:33.864543,1799.4,79436.0,86680.0
2025-06-18 11:07:34.169470,1799.4,79436.0,86680.0
2025-06-18 11:07:34.866584,1798.6,81669.0,86570.0
2025-06-18 11:07:35.163196,1798.6,81669.0,86570.0
2025-06-18 11:07:35.865953,1798.6,81590.0,86752.0
2025-06-18 11:07:36.867168,1798.6,81521.0,86615.0
2025-06-18 11:07:37.166612,1799.4,81521.0,86615.0
2025-06-18 11:07:37.866752,1799.4,81896.0,86426.0
2025-06-18 11:07:38.166919,1799.5,81896.0,86426.0
2025-06-18 11:07:38.868143,1799.5,81610.0,86551.0
2025-06-18 11:07:39.873188,1799.5,81742.0,86435.0
2025-06-18 11:07:40.199296,1799.5,81742.0,86435.0
2025-06-18 11:07:40.970999,1799.4,81591.0,86664.0
2025-06-18 11:07:41.168452,1799.4,81591.0,86664.0
2025-06-18 11:07:42.071246,1799.4,81462.0,86612.0
2025-06-18 11:07:43.071355,1799.4,81517.0,86650.0
2025-06-18 11:07:44.796097,1799.4,81619.0,86650.0
2025-06-18 11:07:45.271574,1799.4,81607.0,86655.0
2025-06-18 11:07:46.373362,1799.4,81489.0,86715.0
2025-06-18 11:07:48.373595,1799.4,81489.0,86715.0
2025-06-18 11:07:49.167449,1799.4,81489.0,86715.0
2025-06-18 11:07:49.373725,1799.4,81446.0,86441.0
2025-06-18 11:07:50.477661,1799.4,81260.0,86533.0
2025-06-18 11:07:51.481340,1799.4,81251.0,86611.0
2025-06-18 11:07:52.174270,1799.5,81251.0,86611.0
2025-06-18 11:07:52.574647,1799.5,81413.0,86613.0
2025-06-18 11:07:53.168538,1799.3,81413.0,86613.0
2025-06-18 11:07:53.572517,1799.3,81279.0,87139.0
2025-06-18 11:07:55.125159,1799.3,81295.0,86779.0
2025-06-18 11:07:55.162887,1798.6,81295.0,86779.0
2025-06-18 11:07:55.701860,1798.6,81259.0,86849.0
2025-06-18 11:07:56.686151,1798.6,81355.0,86729.0
2025-06-18 11:07:57.167392,1799.3,81355.0,86729.0
2025-06-18 11:07:57.749510,1799.3,81311.0,86595.0
2025-06-18 11:07:58.775743,1799.3,81180.0,86605.0
2025-06-18 11:07:59.707486,1799.3,81246.0,86673.0
2025-06-18 11:08:00.686217,1799.3,81254.0,86736.0
2025-06-18 11:08:01.577294,1799.3,81231.0,87012.0
2025-06-18 11:08:02.192975,1799.3,81231.0,87012.0
2025-06-18 11:08:02.688664,1799.3,81250.0,86919.0
2025-06-18 11:08:03.684396,1799.1,81014.0,87603.0
2025-06-18 11:08:04.175581,1799.1,81014.0,87603.0
2025-06-18 11:08:05.380881,1799.1,81080.0,87181.0
2025-06-18 11:08:06.172308,1798.7,81080.0,87181.0
2025-06-18 11:08:06.382473,1798.7,81254.0,87181.0
2025-06-18 11:08:07.604020,1799.3,81255.0,86905.0
2025-06-18 11:08:08.173893,1799.3,81255.0,86905.0
2025-06-18 11:08:08.584088,1799.3,81296.0,87089.0
2025-06-18 11:08:09.223449,1799.2,81296.0,87089.0
2025-06-18 11:08:09.686053,1799.4,81272.0,87011.0
2025-06-18 11:08:10.188313,1799.2,81272.0,87011.0
2025-06-18 11:08:10.687905,1799.2,81156.0,87449.0
2025-06-18 11:08:12.209963,1799.2,81199.0,87464.0
2025-06-18 11:08:12.689690,1798.9,81237.0,87452.0
2025-06-18 11:08:13.174824,1798.9,81237.0,87452.0
2025-06-18 11:08:13.688032,1798.9,81298.0,87067.0
2025-06-18 11:08:15.126383,1798.9,81410.0,87282.0
2025-06-18 11:08:15.590225,1798.9,81432.0,87282.0
2025-06-18 11:08:16.192812,1799.1,81432.0,87282.0
2025-06-18 11:08:16.694558,1799.1,81484.0,87261.0
2025-06-18 11:08:20.487265,1799.1,81503.0,86724.0
2025-06-18 11:08:20.501281,1799.1,81659.0,86642.0
2025-06-18 11:08:20.529624,1799.1,81659.0,86642.0
2025-06-18 11:08:20.534972,1799.1,81638.0,86578.0
2025-06-18 11:08:21.005613,1799.1,81697.0,86846.0
2025-06-18 11:08:22.094866,1799.1,81687.0,86181.0
2025-06-18 11:08:23.174658,1799.4,81687.0,86181.0
2025-06-18 11:08:23.203147,1799.4,81575.0,86528.0
2025-06-18 11:08:24.171360,1799.5,81575.0,86528.0
2025-06-18 11:08:24.295664,1799.5,81568.0,86052.0
2025-06-18 11:08:25.170133,1799.5,81568.0,86052.0
2025-06-18 11:08:25.396385,1799.5,81532.0,86709.0
2025-06-18 11:08:26.401222,1798.6,81778.0,86404.0
2025-06-18 11:08:27.169265,1798.6,81778.0,86404.0
2025-06-18 11:08:27.399929,1798.6,81666.0,86440.0
2025-06-18 11:08:28.400363,1798.6,81682.0,86270.0
2025-06-18 11:08:29.168338,1799.1,81682.0,86270.0
2025-06-18 11:08:29.402559,1799.1,81719.0,86371.0
2025-06-18 11:08:30.170721,1799.0,81719.0,86371.0
2025-06-18 11:08:30.401992,1799.0,81622.0,87189.0
2025-06-18 11:08:31.184637,1798.9,81622.0,87189.0
2025-06-18 11:08:31.301980,1798.9,81549.0,86898.0
2025-06-18 11:08:32.303930,1798.9,81534.0,86705.0
2025-06-18 11:08:33.172904,1799.0,81534.0,86705.0
2025-06-18 11:08:33.406257,1799.0,81605.0,86760.0
2025-06-18 11:08:34.169611,1799.0,81605.0,86760.0
2025-06-18 11:08:34.512097,1799.0,81842.0,85796.0
2025-06-18 11:08:35.605817,1799.0,81707.0,86340.0
2025-06-18 11:08:36.168929,1799.1,81707.0,86340.0
2025-06-18 11:08:36.606337,1799.1,81764.0,86409.0
2025-06-18 11:08:37.173225,1799.1,81764.0,86409.0
2025-06-18 11:08:37.606109,1799.1,81768.0,86400.0
2025-06-18 11:08:38.608987,1799.1,81954.0,86175.0
2025-06-18 11:08:39.170748,1799.1,81954.0,86175.0
2025-06-18 11:08:39.606193,1799.1,82009.0,86181.0
2025-06-18 11:08:40.707622,1799.1,81933.0,86303.0
2025-06-18 11:08:41.171435,1799.0,81933.0,86303.0
2025-06-18 11:08:41.807828,1799.0,81622.0,86140.0
2025-06-18 11:08:42.810533,1799.0,81733.0,86194.0
2025-06-18 11:08:43.909950,1799.1,81746.0,86312.0
2025-06-18 11:08:44.175326,1799.1,81746.0,86312.0
2025-06-18 11:08:44.909435,1799.1,81679.0,86188.0
2025-06-18 11:08:46.023158,1799.1,81777.0,86205.0
2025-06-18 11:08:46.200894,1799.1,81777.0,86205.0
2025-06-18 11:08:47.109459,1799.1,82007.0,86132.0
2025-06-18 11:08:48.110531,1799.1,82193.0,86048.0
2025-06-18 11:08:48.169684,1799.2,82193.0,86048.0
2025-06-18 11:08:49.109866,1799.2,83049.0,85625.0
2025-06-18 11:08:50.110148,1799.2,83101.0,85438.0
2025-06-18 11:08:51.222683,1799.2,82867.0,85602.0
2025-06-18 11:08:52.171808,1799.4,82867.0,85602.0
2025-06-18 11:08:52.312213,1799.4,82738.0,85340.0
2025-06-18 11:08:53.311395,1799.4,82124.0,85313.0
2025-06-18 11:08:54.174536,1799.2,82124.0,85313.0
2025-06-18 11:08:54.312540,1799.2,82203.0,85569.0
2025-06-18 11:08:55.312655,1799.2,82308.0,85400.0
2025-06-18 11:08:56.313060,1799.2,82327.0,85400.0
2025-06-18 11:08:57.169859,1799.2,82327.0,85400.0
2025-06-18 11:08:57.313119,1799.2,82304.0,85417.0
2025-06-18 11:08:58.167516,1799.5,82304.0,85417.0
2025-06-18 11:08:58.314136,1799.5,82275.0,85785.0
2025-06-18 11:08:59.413485,1799.5,82248.0,85785.0
2025-06-18 11:09:00.171593,1799.5,82248.0,85785.0
2025-06-18 11:09:00.521887,1799.5,82252.0,85672.0
2025-06-18 11:09:01.814857,1799.5,82529.0,85722.0
2025-06-18 11:09:02.208978,1799.6,82529.0,85722.0
2025-06-18 11:09:02.816663,1799.6,82676.0,85355.0
2025-06-18 11:09:03.825977,1799.6,82906.0,84759.0
2025-06-18 11:09:04.172627,1799.6,82906.0,84759.0
2025-06-18 11:09:05.171240,1799.7,82906.0,84759.0
2025-06-18 11:09:06.718284,1799.7,82818.0,85438.0
2025-06-18 11:09:07.167061,1799.7,82818.0,85438.0
2025-06-18 11:09:07.718047,1799.7,82954.0,85154.0
2025-06-18 11:09:08.620447,1799.7,82959.0,85299.0
2025-06-18 11:09:09.166449,1800.0,82959.0,85299.0
2025-06-18 11:09:09.742359,1800.0,83207.0,85413.0
2025-06-18 11:09:10.171184,1799.6,83207.0,85413.0
2025-06-18 11:09:10.524239,1799.6,83100.0,84693.0
2025-06-18 11:09:11.528063,1799.6,83327.0,84373.0
2025-06-18 11:09:12.166022,1799.6,83327.0,84373.0
2025-06-18 11:09:14.261372,1799.6,83555.0,85090.0
2025-06-18 11:09:14.310645,1799.6,83516.0,85102.0
2025-06-18 11:09:14.344625,1800.0,83516.0,85102.0
2025-06-18 11:09:14.624299,1799.9,83605.0,85070.0
2025-06-18 11:09:15.173239,1799.9,83605.0,85070.0
2025-06-18 11:09:15.732205,1799.9,83574.0,84785.0
2025-06-18 11:09:16.166109,1799.7,83574.0,84785.0
2025-06-18 11:09:16.826219,1799.7,83137.0,84853.0
2025-06-18 11:09:18.825965,1799.7,83329.0,84852.0
2025-06-18 11:09:18.878599,1799.7,83365.0,84798.0
2025-06-18 11:09:20.196562,1800.0,83365.0,84798.0
2025-06-18 11:09:20.422558,1800.0,83283.0,85069.0
2025-06-18 11:09:21.425196,1800.0,83159.0,84694.0
2025-06-18 11:09:22.326714,1800.0,83158.0,84606.0
2025-06-18 11:09:23.173083,1799.7,83158.0,84606.0
2025-06-18 11:09:23.328057,1799.7,83199.0,84588.0
2025-06-18 11:09:24.227785,1799.7,83178.0,84588.0
2025-06-18 11:09:25.327704,1799.7,83248.0,84267.0
2025-06-18 11:09:26.330397,1799.7,83231.0,84153.0
2025-06-18 11:09:27.430767,1799.7,83234.0,84810.0
2025-06-18 11:09:28.174534,1800.0,83234.0,84810.0
2025-06-18 11:09:28.529433,1800.0,83250.0,84434.0
2025-06-18 11:09:29.177020,1800.0,83250.0,84434.0
2025-06-18 11:09:29.531199,1800.0,83215.0,84722.0
2025-06-18 11:09:30.634838,1800.0,83546.0,84907.0
2025-06-18 11:09:31.734426,1800.0,83550.0,84906.0
2025-06-18 11:09:32.733128,1800.0,83540.0,84597.0
2025-06-18 11:09:33.735489,1800.0,83636.0,84467.0
2025-06-18 11:09:34.173887,1800.0,83636.0,84467.0
2025-06-18 11:09:34.835382,1800.0,83547.0,84814.0
2025-06-18 11:09:35.938706,1800.0,83505.0,84777.0
2025-06-18 11:09:37.038902,1800.0,83827.0,84758.0
2025-06-18 11:09:38.145373,1800.0,83839.0,84729.0
2025-06-18 11:09:39.900886,1800.0,84309.0,84720.0
2025-06-18 11:09:40.143247,1800.0,84274.0,84720.0
2025-06-18 11:09:41.236234,1800.0,84276.0,84720.0
2025-06-18 11:09:42.237999,1800.0,84276.0,84658.0
2025-06-18 11:09:43.236543,1800.0,84257.0,84658.0
2025-06-18 11:09:44.187924,1800.1,84257.0,84658.0
2025-06-18 11:09:44.342647,1800.1,84428.0,84630.0
2025-06-18 11:09:45.174202,1800.0,84428.0,84630.0
2025-06-18 11:09:45.340599,1800.0,84277.0,84657.0
2025-06-18 11:09:46.341385,1800.0,84277.0,84657.0
2025-06-18 11:09:47.140566,1800.0,84277.0,84657.0
2025-06-18 11:09:47.341342,1800.0,84302.0,84695.0
2025-06-18 11:09:48.226495,1800.0,84302.0,84695.0
2025-06-18 11:09:48.342429,1800.0,84097.0,84695.0
2025-06-18 11:09:49.104309,1800.0,84097.0,84695.0
2025-06-18 11:09:49.443060,1800.0,84116.0,84695.0
2025-06-18 11:09:50.022901,1800.0,84116.0,84695.0
2025-06-18 11:09:50.544516,1800.0,84132.0,84695.0
2025-06-18 11:09:50.901428,1800.0,84132.0,84695.0
2025-06-18 11:09:51.544683,1800.0,84132.0,84695.0
2025-06-18 11:09:51.640309,1800.0,84132.0,84695.0
2025-06-18 11:09:52.543696,1800.0,84147.0,84682.0
2025-06-18 11:09:52.672468,1800.0,84147.0,84682.0
2025-06-18 11:09:53.226446,1800.0,84147.0,84682.0
2025-06-18 11:09:54.046087,1800.2,84553.0,84578.0
2025-06-18 11:09:54.094717,1800.2,84553.0,84578.0
2025-06-18 11:09:54.184781,1800.2,84553.0,84578.0
2025-06-18 11:09:54.463638,1800.2,84553.0,84578.0
2025-06-18 11:09:55.153472,1800.0,84251.0,84593.0
2025-06-18 11:09:55.179490,1800.0,84251.0,84593.0
2025-06-18 11:09:55.345536,1800.0,84251.0,84593.0
2025-06-18 11:09:56.049665,1800.0,84263.0,84551.0
2025-06-18 11:09:56.596347,1800.0,84263.0,84551.0
2025-06-18 11:09:57.153464,1800.0,84322.0,84716.0
2025-06-18 11:09:57.178409,1800.0,84322.0,84716.0
2025-06-18 11:09:57.589834,1800.0,84322.0,84716.0
2025-06-18 11:09:58.177157,1800.0,84322.0,84716.0
2025-06-18 11:09:58.342715,1800.0,84386.0,84690.0
2025-06-18 11:09:58.974715,1800.0,84386.0,84690.0
2025-06-18 11:09:59.177618,1800.1,84386.0,84690.0
2025-06-18 11:09:59.344688,1800.1,84329.0,84776.0
2025-06-18 11:10:00.121485,1800.1,84329.0,84776.0
2025-06-18 11:10:00.170423,1800.1,84329.0,84776.0
2025-06-18 11:10:00.445221,1800.1,84281.0,84912.0
2025-06-18 11:10:01.250820,1800.1,84281.0,84912.0
2025-06-18 11:10:01.344945,1800.1,84281.0,84912.0
2025-06-18 11:10:02.723345,1800.1,84281.0,84912.0
2025-06-18 11:10:06.176476,1800.1,84281.0,84912.0
2025-06-18 11:10:06.452533,1800.1,84247.0,84707.0
2025-06-18 11:10:11.853656,1800.0,83897.0,84823.0
2025-06-18 11:10:12.175528,1800.0,83897.0,84823.0
2025-06-18 11:10:14.182285,1800.0,83897.0,84823.0
2025-06-18 11:10:17.355029,1800.0,83973.0,84382.0
2025-06-18 11:10:18.178277,1800.0,83973.0,84382.0
2025-06-18 11:10:22.178035,1800.0,83973.0,84382.0
2025-06-18 11:10:22.358158,1800.0,83619.0,84548.0
2025-06-18 11:10:27.860547,1800.0,83897.0,84640.0
2025-06-18 11:10:30.175457,1800.0,83897.0,84640.0
2025-06-18 11:10:33.175819,1799.8,83897.0,84640.0
2025-06-18 11:10:33.363839,1799.8,83045.0,85306.0
2025-06-18 11:10:36.173844,1799.4,83045.0,85306.0
2025-06-18 11:10:38.178356,1799.4,83045.0,85306.0
2025-06-18 11:10:38.968446,1799.7,83148.0,85523.0
2025-06-18 11:10:40.174946,1799.3,83148.0,85523.0
2025-06-18 11:10:42.180218,1799.8,83148.0,85523.0
2025-06-18 11:10:44.372180,1799.8,83256.0,85467.0
2025-06-18 11:10:48.207694,1799.3,83256.0,85467.0
2025-06-18 11:10:49.577376,1799.3,83249.0,85347.0
2025-06-18 11:10:54.184384,1799.8,83249.0,85347.0
2025-06-18 11:10:54.680860,1799.8,83309.0,86039.0
2025-06-18 11:10:58.176937,1799.6,83309.0,86039.0
2025-06-18 11:10:59.986022,1799.8,83246.0,85739.0
2025-06-18 11:11:00.174385,1799.8,83246.0,85739.0
2025-06-18 11:11:02.203255,1799.7,83246.0,85739.0
2025-06-18 11:11:04.172998,1799.8,83246.0,85739.0
2025-06-18 11:11:05.289040,1799.8,83284.0,85850.0
2025-06-18 11:11:08.185686,1799.8,83284.0,85850.0
2025-06-18 11:11:10.175188,1799.8,83284.0,85850.0
2025-06-18 11:11:10.794013,1799.8,83230.0,85698.0
2025-06-18 11:11:12.181397,1799.6,83230.0,85698.0
2025-06-18 11:11:16.097795,1799.8,83340.0,85783.0
2025-06-18 11:11:16.174187,1799.8,83340.0,85783.0
2025-06-18 11:11:20.180133,1799.8,83340.0,85783.0
2025-06-18 11:11:21.297706,1799.1,83193.0,86971.0
2025-06-18 11:11:22.183885,1799.0,83193.0,86971.0
2025-06-18 11:11:24.179049,1798.9,83193.0,86971.0
2025-06-18 11:11:26.180000,1798.9,83193.0,86971.0
2025-06-18 11:11:26.401574,1798.3,83207.0,86647.0
2025-06-18 11:11:28.190939,1798.9,83207.0,86647.0
2025-06-18 11:11:30.177525,1798.8,83207.0,86647.0
2025-06-18 11:11:31.602887,1799.3,83468.0,85406.0
2025-06-18 11:11:32.184256,1799.6,83468.0,85406.0
2025-06-18 11:11:34.179399,1799.6,83468.0,85406.0
2025-06-18 11:11:36.179514,1799.0,83468.0,85406.0
2025-06-18 11:11:36.407885,1799.0,83460.0,85872.0
2025-06-18 11:11:38.186471,1798.7,83460.0,85872.0
2025-06-18 11:11:41.521330,1798.7,83385.0,85636.0
2025-06-18 11:11:42.188117,1799.5,83385.0,85636.0
2025-06-18 11:11:44.202721,1799.6,83385.0,85636.0
2025-06-18 11:11:46.612576,1799.6,83240.0,85778.0
2025-06-18 11:11:48.194662,1799.0,83240.0,85778.0
2025-06-18 11:11:50.192445,1799.5,83240.0,85778.0
2025-06-18 11:11:51.617727,1799.5,83199.0,85878.0
2025-06-18 11:11:52.218397,1799.5,83199.0,85878.0
2025-06-18 11:11:56.187954,1799.5,83199.0,85878.0
2025-06-18 11:11:56.824541,1799.5,83331.0,86043.0
2025-06-18 11:12:00.179523,1799.5,83331.0,86043.0
2025-06-18 11:12:02.289211,1799.5,83186.0,86176.0
2025-06-18 11:12:04.182336,1799.5,83186.0,86176.0
2025-06-18 11:12:06.233695,1799.5,83174.0,86055.0
2025-06-18 11:12:08.181621,1799.5,83174.0,86055.0
2025-06-18 11:12:10.181064,1799.5,83174.0,86055.0
2025-06-18 11:12:11.332585,1799.5,83148.0,85846.0
2025-06-18 11:12:12.196715,1799.5,83148.0,85846.0
2025-06-18 11:12:16.436136,1799.5,83199.0,86100.0
2025-06-18 11:12:18.212327,1799.0,83199.0,86100.0
2025-06-18 11:12:21.842318,1799.0,82396.0,86811.0
2025-06-18 11:12:22.179871,1799.2,82396.0,86811.0
2025-06-18 11:12:26.181245,1799.7,82396.0,86811.0
2025-06-18 11:12:26.649425,1799.7,83357.0,85490.0
2025-06-18 11:12:28.180338,1799.9,83357.0,85490.0
2025-06-18 11:12:30.188334,1799.2,83357.0,85490.0
2025-06-18 11:12:31.751252,1799.8,83124.0,85320.0
2025-06-18 11:12:32.207265,1799.6,83124.0,85320.0
2025-06-18 11:12:34.184061,1799.3,83124.0,85320.0
2025-06-18 11:12:36.203378,1799.3,83124.0,85320.0
2025-06-18 11:12:37.053469,1799.7,82554.0,85808.0
2025-06-18 11:12:38.185597,1799.3,82554.0,85808.0
2025-06-18 11:12:40.182896,1799.3,82554.0,85808.0
2025-06-18 11:12:42.180402,1799.7,82554.0,85808.0
2025-06-18 11:12:42.257993,1799.7,82821.0,85804.0
2025-06-18 11:12:44.181349,1799.7,82821.0,85804.0
2025-06-18 11:12:46.180757,1799.0,82821.0,85804.0
2025-06-18 11:12:47.263039,1799.0,82764.0,86428.0
2025-06-18 11:12:47.565223,1799.0,82764.0,86428.0
2025-06-18 11:12:48.181633,1799.0,82764.0,86428.0
2025-06-18 11:12:48.629487,1799.0,82764.0,86428.0
2025-06-18 11:12:49.538244,1799.0,82764.0,86428.0
2025-06-18 11:12:50.186230,1799.0,82764.0,86428.0
2025-06-18 11:12:50.455255,1799.0,82764.0,86428.0
2025-06-18 11:12:51.317165,1799.0,82764.0,86428.0
2025-06-18 11:12:52.104542,1799.0,82764.0,86428.0
2025-06-18 11:12:52.180864,1799.0,82764.0,86428.0
2025-06-18 11:12:52.663387,1799.0,83289.0,86175.0
2025-06-18 11:12:53.100686,1799.0,83289.0,86175.0
2025-06-18 11:12:54.046732,1799.0,83289.0,86175.0
2025-06-18 11:12:54.184481,1799.0,83289.0,86175.0
2025-06-18 11:12:54.523874,1799.0,83289.0,86175.0
2025-06-18 11:12:55.805710,1799.0,83289.0,86175.0
2025-06-18 11:12:56.183088,1798.9,83289.0,86175.0
2025-06-18 11:12:57.015341,1798.9,83289.0,86175.0
2025-06-18 11:12:57.884438,1798.9,83289.0,86175.0
2025-06-18 11:12:58.270784,1798.9,82764.0,86344.0
2025-06-18 11:12:59.290613,1798.9,82764.0,86344.0
2025-06-18 11:13:00.191684,1799.0,82764.0,86344.0
2025-06-18 11:13:00.403233,1799.0,82764.0,86344.0
2025-06-18 11:13:01.577205,1799.0,82764.0,86344.0
2025-06-18 11:13:01.872177,1799.5,83278.0,86043.0
2025-06-18 11:13:02.182330,1799.5,83278.0,86043.0
2025-06-18 11:13:02.771723,1798.8,83136.0,86254.0
2025-06-18 11:13:03.037532,1798.8,83136.0,86254.0
2025-06-18 11:13:03.212699,1798.8,83136.0,86254.0
2025-06-18 11:13:03.876847,1798.8,83096.0,86251.0
2025-06-18 11:13:04.974263,1798.8,83041.0,86050.0
2025-06-18 11:13:05.184939,1798.9,83041.0,86050.0
2025-06-18 11:13:05.978891,1798.9,82792.0,86514.0
2025-06-18 11:13:07.075317,1799.4,82712.0,86410.0
2025-06-18 11:13:07.184193,1799.4,82712.0,86410.0
2025-06-18 11:13:08.077402,1799.6,82671.0,86016.0
2025-06-18 11:13:08.181970,1799.6,82671.0,86016.0
2025-06-18 11:13:09.076730,1799.6,82776.0,85708.0
2025-06-18 11:13:10.078902,1799.6,82911.0,85971.0
2025-06-18 11:13:10.183345,1799.6,82911.0,85971.0
2025-06-18 11:13:11.078096,1799.6,82926.0,85671.0
2025-06-18 11:13:11.979227,1799.6,83246.0,85467.0
2025-06-18 11:13:12.187586,1799.7,83246.0,85467.0
2025-06-18 11:13:13.185805,1799.7,83246.0,85467.0
2025-06-18 11:13:13.577396,1799.7,82895.0,85527.0
2025-06-18 11:13:14.184400,1799.6,82895.0,85527.0
2025-06-18 11:13:14.579887,1799.6,82902.0,85867.0
2025-06-18 11:13:15.779078,1799.6,82907.0,85875.0
2025-06-18 11:13:16.879606,1799.6,82914.0,86159.0
2025-06-18 11:13:17.187640,1799.6,82914.0,86159.0
2025-06-18 11:13:17.780862,1799.6,82786.0,86189.0
2025-06-18 11:13:18.881797,1799.5,82469.0,86226.0
2025-06-18 11:13:19.186607,1799.5,82469.0,86226.0
2025-06-18 11:13:19.882453,1799.5,82544.0,86215.0
2025-06-18 11:13:20.881711,1799.5,82530.0,85875.0
2025-06-18 11:13:21.984737,1799.5,82629.0,85806.0
2025-06-18 11:13:22.185952,1799.6,82629.0,85806.0
2025-06-18 11:13:22.885840,1799.6,82628.0,86044.0
2025-06-18 11:13:23.885167,1799.6,82737.0,85764.0
2025-06-18 11:13:24.187779,1799.6,82737.0,85764.0
2025-06-18 11:13:24.789042,1799.6,82778.0,85782.0
2025-06-18 11:13:25.788386,1799.6,82812.0,86096.0
2025-06-18 11:13:26.789872,1799.6,82915.0,85680.0
2025-06-18 11:13:27.790108,1799.6,82893.0,85684.0
2025-06-18 11:13:28.184240,1799.6,82893.0,85684.0
2025-06-18 11:13:28.886972,1799.6,82889.0,85733.0
2025-06-18 11:13:29.895408,1799.6,82984.0,85733.0
2025-06-18 11:13:30.996800,1799.6,83026.0,85733.0
2025-06-18 11:13:31.991658,1799.6,82955.0,85747.0
2025-06-18 11:13:32.992715,1799.6,82973.0,85733.0
2025-06-18 11:13:34.094432,1799.6,82912.0,84958.0
2025-06-18 11:13:34.187698,1799.6,82912.0,84958.0
2025-06-18 11:13:35.199621,1799.6,82903.0,85629.0
2025-06-18 11:13:36.186581,1799.6,82903.0,85629.0
2025-06-18 11:13:36.195146,1799.6,82930.0,85729.0
2025-06-18 11:13:37.187906,1799.7,82930.0,85729.0
2025-06-18 11:13:37.197111,1799.7,82872.0,85420.0
2025-06-18 11:13:38.185234,1799.7,82872.0,85420.0
2025-06-18 11:13:38.196509,1799.7,82850.0,85432.0
2025-06-18 11:13:39.195483,1799.7,82879.0,85295.0
2025-06-18 11:13:40.186433,1799.7,82879.0,85295.0
2025-06-18 11:13:40.198176,1799.7,82867.0,85607.0
2025-06-18 11:13:41.189442,1799.8,82867.0,85607.0
2025-06-18 11:13:41.396161,1799.8,82858.0,85138.0
2025-06-18 11:13:42.296852,1799.8,82923.0,85336.0
2025-06-18 11:13:43.401594,1799.8,82940.0,85414.0
2025-06-18 11:13:44.192211,1799.8,82940.0,85414.0
2025-06-18 11:13:44.397956,1799.8,82934.0,85730.0
2025-06-18 11:13:45.397768,1799.8,82948.0,85403.0
2025-06-18 11:13:46.191325,1799.8,82948.0,85403.0
2025-06-18 11:13:46.397312,1799.8,82912.0,85823.0
2025-06-18 11:13:47.299936,1799.8,82915.0,85836.0
2025-06-18 11:13:48.298431,1799.8,82843.0,85771.0
2025-06-18 11:13:49.186559,1799.7,82843.0,85771.0
2025-06-18 11:13:49.400820,1799.7,82761.0,86172.0
2025-06-18 11:13:50.597243,1799.8,82794.0,85872.0
2025-06-18 11:13:51.185016,1799.8,82794.0,85872.0
2025-06-18 11:13:51.600767,1799.8,82860.0,85860.0
2025-06-18 11:13:52.188739,1799.9,82860.0,85860.0
2025-06-18 11:13:52.599334,1799.9,83316.0,85325.0
2025-06-18 11:13:53.601629,1800.0,83371.0,85354.0
2025-06-18 11:13:54.189952,1800.0,83371.0,85354.0
2025-06-18 11:13:54.601665,1800.0,83469.0,85319.0
2025-06-18 11:13:55.602706,1800.0,83444.0,85261.0
2025-06-18 11:13:56.187720,1800.0,83444.0,85261.0
2025-06-18 11:13:56.702865,1800.0,83488.0,84981.0
2025-06-18 11:13:57.604563,1800.0,83525.0,85029.0
2025-06-18 11:13:58.604713,1800.0,83425.0,85068.0
2025-06-18 11:13:59.604328,1800.0,83456.0,85097.0
2025-06-18 11:14:00.705277,1800.0,83488.0,85090.0
2025-06-18 11:14:01.904944,1800.0,83628.0,85132.0
2025-06-18 11:14:02.804893,1800.0,83651.0,85099.0
2025-06-18 11:14:03.907344,1800.0,84156.0,85528.0
2025-06-18 11:14:04.191940,1800.0,84156.0,85528.0
2025-06-18 11:14:05.014323,1800.0,85187.0,84544.0
2025-06-18 11:14:06.014814,1800.0,85317.0,84637.0
2025-06-18 11:14:07.018316,1800.0,85365.0,84344.0
2025-06-18 11:14:07.910427,1800.1,85491.0,84484.0
2025-06-18 11:14:08.187250,1800.1,85491.0,84484.0
2025-06-18 11:14:09.108390,1800.1,85389.0,84506.0
2025-06-18 11:14:10.227730,1800.1,85408.0,84507.0
2025-06-18 11:14:11.912660,1800.1,85402.0,84507.0
2025-06-18 11:14:12.913834,1800.1,84797.0,84606.0
2025-06-18 11:14:14.022052,1800.1,84824.0,84624.0
2025-06-18 11:14:15.020232,1800.1,84812.0,84594.0
2025-06-18 11:14:16.029158,1800.1,84791.0,84519.0
2025-06-18 11:14:17.062497,1800.0,84716.0,84606.0
2025-06-18 11:14:17.196525,1800.0,84716.0,84606.0
2025-06-18 11:14:18.043144,1800.0,84819.0,84582.0
2025-06-18 11:14:19.117243,1800.0,84851.0,84106.0
2025-06-18 11:14:19.190960,1800.0,84851.0,84106.0
2025-06-18 11:14:20.217882,1800.0,84842.0,84563.0
2025-06-18 11:14:21.318745,1800.0,85141.0,84457.0
2025-06-18 11:14:22.321517,1800.0,85320.0,83462.0
2025-06-18 11:14:23.422101,1800.0,85349.0,83448.0
2025-06-18 11:14:24.543616,1800.0,85413.0,83403.0
2025-06-18 11:14:25.622036,1800.0,85413.0,83888.0
2025-06-18 11:14:26.721614,1800.0,85406.0,83770.0
2025-06-18 11:14:27.822317,1800.0,85113.0,83724.0
2025-06-18 11:14:28.822923,1800.1,85049.0,83816.0
2025-06-18 11:14:29.189802,1800.1,85049.0,83816.0
2025-06-18 11:14:29.926709,1800.1,85060.0,83816.0
2025-06-18 11:14:31.188947,1800.1,85060.0,83816.0
2025-06-18 11:14:31.426060,1800.1,85100.0,83811.0
2025-06-18 11:14:32.544603,1800.1,85102.0,83706.0
2025-06-18 11:14:33.558271,1800.1,85554.0,82963.0
2025-06-18 11:14:34.198252,1800.1,85554.0,82963.0
2025-06-18 11:14:34.626068,1800.1,85422.0,83406.0
2025-06-18 11:14:35.728151,1800.1,85385.0,83406.0
2025-06-18 11:14:36.729028,1800.1,85391.0,83410.0
2025-06-18 11:14:38.429967,1800.1,85402.0,83410.0
2025-06-18 11:14:39.540850,1800.1,85402.0,83410.0
2025-06-18 11:14:40.631987,1800.1,85552.0,83389.0
2025-06-18 11:14:41.194647,1800.1,85552.0,83389.0
2025-06-18 11:14:41.731034,1800.1,85481.0,83389.0
2025-06-18 11:14:42.832610,1800.1,85481.0,83382.0
2025-06-18 11:14:43.200972,1800.1,85481.0,83382.0
2025-06-18 11:14:43.735046,1800.2,85123.0,83313.0
2025-06-18 11:14:44.188823,1800.2,85123.0,83313.0
2025-06-18 11:14:44.734421,1800.2,84939.0,83769.0
2025-06-18 11:14:45.737280,1800.2,84931.0,83770.0
2025-06-18 11:14:46.737636,1800.2,84941.0,83501.0
2025-06-18 11:14:47.837257,1800.2,84975.0,83501.0
2025-06-18 11:14:48.838507,1800.2,85138.0,83827.0
2025-06-18 11:14:49.189460,1800.2,85138.0,83827.0
2025-06-18 11:14:49.939616,1800.2,85172.0,83846.0
2025-06-18 11:14:50.190231,1800.2,85172.0,83846.0
2025-06-18 11:14:51.053535,1800.2,85310.0,83860.0
2025-06-18 11:14:51.189790,1800.2,85310.0,83860.0
2025-06-18 11:14:52.054355,1800.2,85326.0,83953.0
2025-06-18 11:14:53.144929,1800.2,85252.0,83953.0
2025-06-18 11:14:54.046513,1800.2,85252.0,83953.0
2025-06-18 11:14:55.146603,1800.2,85533.0,83953.0
2025-06-18 11:14:56.145644,1800.2,85837.0,83921.0
2025-06-18 11:14:57.051930,1800.2,85750.0,83592.0
2025-06-18 11:14:58.151148,1800.2,85745.0,83487.0
2025-06-18 11:14:59.247603,1800.2,85749.0,83513.0
2025-06-18 11:15:00.346246,1800.2,85763.0,83513.0
2025-06-18 11:15:04.192816,1800.2,85763.0,83513.0
2025-06-18 11:15:05.351155,1800.2,85805.0,83625.0
2025-06-18 11:15:10.559369,1800.2,85918.0,83708.0
2025-06-18 11:15:12.194345,1800.2,85918.0,83708.0
2025-06-18 11:15:15.657864,1800.2,85918.0,83728.0
2025-06-18 11:15:20.197867,1800.2,85918.0,83728.0
2025-06-18 11:15:20.563824,1800.2,85880.0,83538.0
2025-06-18 11:15:22.195209,1800.0,85880.0,83538.0
2025-06-18 11:15:24.194079,1800.2,85880.0,83538.0
2025-06-18 11:15:25.465798,1800.2,85794.0,83652.0
2025-06-18 11:15:28.203090,1800.0,85794.0,83652.0
2025-06-18 11:15:31.169357,1800.0,85456.0,83714.0
2025-06-18 11:15:36.193516,1800.2,85456.0,83714.0
2025-06-18 11:15:36.929735,1800.2,85631.0,83875.0
2025-06-18 11:15:38.211046,1800.2,85631.0,83875.0
2025-06-18 11:15:41.908683,1800.2,85675.0,83870.0
2025-06-18 11:15:44.202066,1800.0,85675.0,83870.0
2025-06-18 11:15:46.213178,1800.0,85675.0,83870.0
2025-06-18 11:15:46.980274,1800.0,84911.0,83961.0
2025-06-18 11:15:48.071982,1800.0,84911.0,83961.0
2025-06-18 11:15:48.198580,1800.0,84911.0,83961.0
2025-06-18 11:15:49.097250,1800.0,84911.0,83961.0
2025-06-18 11:15:50.199378,1800.0,84911.0,83961.0
2025-06-18 11:15:50.941989,1800.0,84911.0,83961.0
2025-06-18 11:15:51.781413,1800.0,84911.0,83961.0
2025-06-18 11:15:52.196850,1800.0,84911.0,83961.0
2025-06-18 11:15:52.565858,1800.0,84911.0,83961.0
2025-06-18 11:15:52.601446,1800.0,85082.0,84112.0
2025-06-18 11:15:53.573103,1800.0,85082.0,84112.0
2025-06-18 11:15:54.135808,1800.0,85082.0,84112.0
2025-06-18 11:15:54.198321,1800.0,85082.0,84112.0
2025-06-18 11:15:54.541033,1800.0,85082.0,84112.0
2025-06-18 11:15:55.037080,1800.0,85082.0,84112.0
2025-06-18 11:15:56.199227,1800.0,85082.0,84112.0
2025-06-18 11:15:56.301402,1800.0,85082.0,84112.0
2025-06-18 11:15:57.555674,1800.0,85082.0,84112.0
2025-06-18 11:15:57.786355,1800.0,84770.0,84693.0
2025-06-18 11:15:58.412542,1800.0,84770.0,84693.0
2025-06-18 11:16:00.115698,1800.0,84770.0,84693.0
2025-06-18 11:16:01.250635,1800.0,84770.0,84693.0
2025-06-18 11:16:02.400339,1800.0,84770.0,84693.0
2025-06-18 11:16:03.087190,1800.0,84779.0,84584.0
2025-06-18 11:16:03.881146,1800.0,84779.0,84584.0
2025-06-18 11:16:04.197323,1800.0,84779.0,84584.0
2025-06-18 11:16:08.766145,1800.0,84913.0,84248.0
2025-06-18 11:16:12.203215,1799.9,84913.0,84248.0
2025-06-18 11:16:13.795067,1799.6,83094.0,86076.0
2025-06-18 11:16:14.198361,1799.6,83094.0,86076.0
2025-06-18 11:16:16.210370,1799.6,83094.0,86076.0
2025-06-18 11:16:18.204113,1799.7,83094.0,86076.0
2025-06-18 11:16:19.207877,1799.7,83890.0,84719.0
2025-06-18 11:16:20.204027,1799.9,83890.0,84719.0
2025-06-18 11:16:22.208585,1799.9,83890.0,84719.0
2025-06-18 11:16:24.211262,1799.9,83717.0,85541.0
2025-06-18 11:16:26.201523,1799.9,83717.0,85541.0
2025-06-18 11:16:28.205782,1799.9,83717.0,85541.0
2025-06-18 11:16:29.212015,1799.9,83728.0,85113.0
2025-06-18 11:16:30.229892,1799.9,83728.0,85113.0
2025-06-18 11:16:34.204197,1799.8,83728.0,85113.0
2025-06-18 11:16:34.309958,1799.8,83411.0,84981.0
2025-06-18 11:16:38.236497,1799.9,83411.0,84981.0
2025-06-18 11:16:40.327899,1800.0,83628.0,85106.0
2025-06-18 11:16:40.329554,1799.9,83628.0,85106.0
2025-06-18 11:16:42.210870,1799.9,83628.0,85106.0
2025-06-18 11:16:44.816506,1799.9,83875.0,85141.0
2025-06-18 11:16:46.205421,1799.9,83875.0,85141.0
2025-06-18 11:16:48.218387,1799.9,83875.0,85141.0
2025-06-18 11:16:49.820374,1799.9,83788.0,85313.0
2025-06-18 11:16:50.206639,1799.9,83788.0,85313.0
2025-06-18 11:16:52.216466,1799.7,83788.0,85313.0
2025-06-18 11:16:54.205027,1799.9,83788.0,85313.0
2025-06-18 11:16:54.923211,1799.9,82706.0,85945.0
2025-06-18 11:16:58.208261,1799.7,82706.0,85945.0
2025-06-18 11:17:00.453222,1799.7,82704.0,85847.0
2025-06-18 11:17:02.210255,1798.8,82704.0,85847.0
2025-06-18 11:17:04.211946,1798.8,82704.0,85847.0
2025-06-18 11:17:05.329858,1798.8,83369.0,85771.0
2025-06-18 11:17:06.210832,1799.7,83369.0,85771.0
2025-06-18 11:17:08.206492,1799.7,83369.0,85771.0
2025-06-18 11:17:10.429746,1799.7,82986.0,85897.0
2025-06-18 11:17:12.210560,1799.7,82986.0,85897.0
2025-06-18 11:17:14.209484,1799.7,82986.0,85897.0
2025-06-18 11:17:15.532788,1799.7,82921.0,86000.0
2025-06-18 11:17:18.245962,1799.7,82921.0,86000.0
2025-06-18 11:17:20.211359,1799.7,82921.0,86000.0
2025-06-18 11:17:20.537089,1799.7,83071.0,86244.0
2025-06-18 11:17:22.209141,1799.7,83071.0,86244.0
2025-06-18 11:17:24.207910,1799.7,83071.0,86244.0
2025-06-18 11:17:25.846518,1799.7,83244.0,86221.0
2025-06-18 11:17:28.209193,1799.0,83244.0,86221.0
2025-06-18 11:17:30.948785,1799.0,83340.0,86122.0
2025-06-18 11:17:32.210687,1799.6,83340.0,86122.0
2025-06-18 11:17:34.209498,1798.8,83340.0,86122.0
2025-06-18 11:17:35.848213,1798.8,83440.0,86076.0
2025-06-18 11:17:38.209100,1799.5,83440.0,86076.0
2025-06-18 11:17:40.211671,1799.6,83440.0,86076.0
2025-06-18 11:17:41.157858,1799.6,83436.0,85348.0
2025-06-18 11:17:42.210623,1798.7,83436.0,85348.0
2025-06-18 11:17:45.953396,1798.7,83855.0,85299.0
2025-06-18 11:17:46.212097,1799.7,83855.0,85299.0
2025-06-18 11:17:48.209856,1799.6,83855.0,85299.0
2025-06-18 11:17:50.215211,1799.7,83855.0,85299.0
2025-06-18 11:17:50.756674,1799.6,83693.0,86113.0
2025-06-18 11:17:52.208082,1799.6,83693.0,86113.0
2025-06-18 11:17:55.463927,1799.6,83698.0,86017.0
2025-06-18 11:17:58.208015,1799.7,83698.0,86017.0
2025-06-18 11:17:59.962152,1799.7,83850.0,85912.0
2025-06-18 11:18:04.208724,1799.7,83850.0,85912.0
2025-06-18 11:18:04.767870,1799.7,83953.0,85533.0
2025-06-18 11:18:06.215444,1799.8,83953.0,85533.0
2025-06-18 11:18:08.233987,1799.8,83953.0,85533.0
2025-06-18 11:18:10.441011,1799.8,83739.0,85892.0
2025-06-18 11:18:10.490309,1799.7,83739.0,85892.0
2025-06-18 11:18:15.166419,1799.7,82419.0,86139.0
2025-06-18 11:18:16.209431,1799.5,82419.0,86139.0
2025-06-18 11:18:19.212896,1799.7,82419.0,86139.0
2025-06-18 11:18:20.876309,1799.6,83063.0,85874.0
2025-06-18 11:18:21.264744,1799.6,83063.0,85874.0
2025-06-18 11:18:23.207390,1799.7,83063.0,85874.0
2025-06-18 11:18:25.211316,1799.7,83063.0,85874.0
2025-06-18 11:18:26.281413,1799.7,83392.0,86268.0
2025-06-18 11:18:29.226403,1799.8,83392.0,86268.0
2025-06-18 11:18:31.284831,1799.8,83745.0,86361.0
2025-06-18 11:18:35.214441,1799.5,83745.0,86361.0
2025-06-18 11:18:36.489463,1799.1,83668.0,86776.0
2025-06-18 11:18:37.215720,1799.5,83668.0,86776.0
2025-06-18 11:18:41.211261,1799.5,83668.0,86776.0
2025-06-18 11:18:41.493951,1799.5,83696.0,86525.0
2025-06-18 11:18:43.213605,1799.5,83696.0,86525.0
2025-06-18 11:18:46.386615,1799.5,83868.0,86123.0
2025-06-18 11:18:47.229248,1799.5,83868.0,86123.0
2025-06-18 11:18:48.474507,1799.5,83868.0,86123.0
2025-06-18 11:18:49.213288,1799.5,83868.0,86123.0
2025-06-18 11:18:49.554855,1799.5,83868.0,86123.0
2025-06-18 11:18:50.465607,1799.5,83868.0,86123.0
2025-06-18 11:18:50.891214,1799.5,83461.0,85405.0
2025-06-18 11:18:51.406228,1799.5,83461.0,85405.0
2025-06-18 11:18:52.258186,1799.5,83461.0,85405.0
2025-06-18 11:18:53.040062,1799.5,83461.0,85405.0
2025-06-18 11:18:53.208068,1799.8,83461.0,85405.0
2025-06-18 11:18:54.059435,1799.8,83461.0,85405.0
2025-06-18 11:18:55.035514,1799.8,83461.0,85405.0
2025-06-18 11:18:55.695289,1799.8,83493.0,85269.0
2025-06-18 11:18:55.892251,1799.8,83493.0,85269.0
2025-06-18 11:18:56.790819,1799.8,83493.0,85269.0
2025-06-18 11:18:57.212052,1799.8,83493.0,85269.0
2025-06-18 11:18:58.064820,1799.8,83493.0,85269.0
2025-06-18 11:18:59.211072,1799.8,83493.0,85269.0
2025-06-18 11:19:00.285091,1799.8,83493.0,85269.0
2025-06-18 11:19:00.494863,1799.8,83459.0,85709.0
2025-06-18 11:19:01.568844,1799.8,83459.0,85709.0
2025-06-18 11:19:02.721907,1799.8,83459.0,85709.0
2025-06-18 11:19:03.214377,1799.8,83459.0,85709.0
2025-06-18 11:19:04.191561,1799.8,83459.0,85709.0
2025-06-18 11:19:05.216215,1799.1,83459.0,85709.0
2025-06-18 11:19:05.698135,1799.1,83645.0,86011.0
2025-06-18 11:19:07.216512,1799.7,83645.0,86011.0
2025-06-18 11:19:09.214335,1799.2,83645.0,86011.0
2025-06-18 11:19:11.108766,1799.7,84558.0,85966.0
2025-06-18 11:19:11.212290,1799.7,84558.0,85966.0
2025-06-18 11:19:13.220272,1799.7,84558.0,85966.0
2025-06-18 11:19:15.211821,1799.7,84558.0,85966.0
2025-06-18 11:19:16.207955,1799.0,85426.0,85381.0
2025-06-18 11:19:17.217632,1799.0,85426.0,85381.0
2025-06-18 11:19:21.213848,1800.0,85426.0,85381.0
2025-06-18 11:19:21.309799,1800.0,85933.0,85147.0
2025-06-18 11:19:23.215543,1800.0,85933.0,85147.0
2025-06-18 11:19:26.515876,1800.0,85010.0,85647.0
2025-06-18 11:19:27.216606,1800.0,85010.0,85647.0
2025-06-18 11:19:29.215642,1800.0,85010.0,85647.0
2025-06-18 11:19:31.515470,1800.0,85622.0,85066.0
2025-06-18 11:19:33.214358,1799.5,85622.0,85066.0
2025-06-18 11:19:36.416199,1799.5,84867.0,85180.0
2025-06-18 11:19:37.218275,1799.9,84867.0,85180.0
2025-06-18 11:19:41.319175,1799.9,84812.0,85622.0
2025-06-18 11:19:43.257313,1799.9,84812.0,85622.0
2025-06-18 11:19:45.214945,1799.9,84812.0,85622.0
2025-06-18 11:19:46.227206,1799.9,84819.0,85258.0
2025-06-18 11:19:47.217121,1799.3,84819.0,85258.0
2025-06-18 11:19:51.255787,1799.3,84819.0,85258.0
2025-06-18 11:19:51.426650,1799.3,84925.0,85412.0
2025-06-18 11:19:53.223438,1799.9,84925.0,85412.0
2025-06-18 11:19:55.222385,1799.1,84925.0,85412.0
2025-06-18 11:19:57.016389,1799.1,84773.0,85764.0
2025-06-18 11:20:01.220190,1799.9,84773.0,85764.0
2025-06-18 11:20:01.935374,1799.9,84850.0,85226.0
2025-06-18 11:20:05.223509,1799.9,84850.0,85226.0
2025-06-18 11:20:06.942499,1799.9,85069.0,85204.0
2025-06-18 11:20:07.214060,1799.9,85069.0,85204.0
2025-06-18 11:20:08.214904,1800.0,85069.0,85204.0
2025-06-18 11:20:10.216623,1800.0,85069.0,85204.0
2025-06-18 11:20:11.445335,1800.0,85647.0,85285.0
2025-06-18 11:20:14.211422,1800.0,85647.0,85285.0
2025-06-18 11:20:16.156996,1800.0,85537.0,84967.0
2025-06-18 11:20:19.243207,1800.0,85537.0,84967.0
2025-06-18 11:20:20.852864,1800.0,84375.0,85697.0
2025-06-18 11:20:22.213520,1800.0,84375.0,85697.0
2025-06-18 11:20:24.212098,1800.0,84375.0,85697.0
2025-06-18 11:20:26.161950,1800.0,85196.0,85277.0
2025-06-18 11:20:26.213338,1800.0,85196.0,85277.0
2025-06-18 11:20:30.214892,1799.9,85196.0,85277.0
2025-06-18 11:20:31.059933,1799.7,84972.0,85146.0
2025-06-18 11:20:31.217492,1799.7,84972.0,85146.0
2025-06-18 11:20:36.065469,1799.7,85187.0,85284.0
2025-06-18 11:20:37.215560,1800.0,85187.0,85284.0
2025-06-18 11:20:40.865450,1800.0,85193.0,85292.0
2025-06-18 11:20:42.218200,1799.7,85193.0,85292.0
2025-06-18 11:20:43.235653,1799.9,85193.0,85292.0
2025-06-18 11:20:44.222312,1800.0,85193.0,85292.0
2025-06-18 11:20:45.218476,1800.0,85193.0,85292.0
2025-06-18 11:20:45.670779,1799.9,84947.0,85298.0
2025-06-18 11:20:46.213312,1799.9,84947.0,85298.0
2025-06-18 11:20:49.214610,1800.0,84947.0,85298.0
2025-06-18 11:20:50.220598,1800.0,84947.0,85298.0
2025-06-18 11:20:50.771709,1800.0,85225.0,85080.0
2025-06-18 11:20:51.226768,1800.0,85225.0,85080.0
2025-06-18 11:20:52.211373,1800.0,85225.0,85080.0
2025-06-18 11:20:53.218985,1800.0,85225.0,85080.0
2025-06-18 11:20:55.218358,1800.0,85225.0,85080.0
2025-06-18 11:20:55.877433,1800.0,86362.0,84960.0
2025-06-18 11:20:59.218773,1800.0,86362.0,84960.0
2025-06-18 11:21:00.776138,1800.0,86121.0,84660.0
2025-06-18 11:21:03.237876,1800.0,86121.0,84660.0
2025-06-18 11:21:04.218640,1800.0,86121.0,84660.0
2025-06-18 11:21:05.217917,1799.7,86121.0,84660.0
2025-06-18 11:21:05.382055,1799.7,86073.0,84710.0
2025-06-18 11:21:07.214065,1800.0,86073.0,84710.0
2025-06-18 11:21:10.215538,1800.0,86073.0,84710.0
2025-06-18 11:21:10.282831,1800.0,86398.0,84585.0
2025-06-18 11:21:11.218773,1800.0,86398.0,84585.0
2025-06-18 11:21:12.215883,1800.0,86398.0,84585.0
2025-06-18 11:21:14.987633,1800.0,86406.0,84604.0
2025-06-18 11:21:16.218708,1799.9,86406.0,84604.0
2025-06-18 11:21:19.689788,1799.9,85796.0,85151.0
2025-06-18 11:21:22.218790,1800.0,85796.0,85151.0
2025-06-18 11:21:24.790875,1800.0,85836.0,85081.0
2025-06-18 11:21:25.223337,1800.0,85836.0,85081.0
2025-06-18 11:21:27.227490,1799.7,85836.0,85081.0
2025-06-18 11:21:29.890474,1799.7,85338.0,85159.0
2025-06-18 11:21:32.215471,1800.0,85338.0,85159.0
2025-06-18 11:21:34.219114,1800.0,85338.0,85159.0
2025-06-18 11:21:34.894686,1800.0,85398.0,84799.0
2025-06-18 11:21:36.216441,1799.4,85398.0,84799.0
2025-06-18 11:21:37.220018,1800.0,85398.0,84799.0
2025-06-18 11:21:39.499940,1800.0,85239.0,84851.0
2025-06-18 11:21:40.217961,1800.0,85239.0,84851.0
2025-06-18 11:21:41.218723,1799.5,85239.0,84851.0
2025-06-18 11:21:42.221794,1799.9,85239.0,84851.0
2025-06-18 11:21:44.113263,1799.9,85238.0,84830.0
2025-06-18 11:21:46.228949,1799.9,85238.0,84830.0
2025-06-18 11:21:47.234047,1800.0,85238.0,84830.0
2025-06-18 11:21:48.802245,1800.0,85267.0,84799.0
2025-06-18 11:21:49.085868,1800.0,85267.0,84799.0
2025-06-18 11:21:49.224365,1800.0,85267.0,84799.0
2025-06-18 11:21:50.216278,1800.0,85267.0,84799.0
2025-06-18 11:21:51.063634,1800.0,85267.0,84799.0
2025-06-18 11:21:52.594951,1800.0,85267.0,84799.0
2025-06-18 11:21:52.852477,1800.0,85267.0,84799.0
2025-06-18 11:21:53.252633,1800.0,85267.0,84799.0
2025-06-18 11:21:53.657298,1800.0,85267.0,84799.0
2025-06-18 11:21:53.808899,1800.0,86249.0,84513.0
2025-06-18 11:21:54.665648,1800.0,86249.0,84513.0
2025-06-18 11:21:55.216292,1800.0,86249.0,84513.0
2025-06-18 11:21:56.124214,1800.0,86249.0,84513.0
2025-06-18 11:21:57.372575,1800.0,86249.0,84513.0
2025-06-18 11:21:58.712525,1800.0,86249.0,84513.0
2025-06-18 11:21:59.136891,1800.0,85750.0,84911.0
2025-06-18 11:21:59.507685,1800.0,85750.0,84911.0
2025-06-18 11:22:00.912614,1800.0,85750.0,84911.0
2025-06-18 11:22:02.027306,1800.0,85750.0,84911.0
2025-06-18 11:22:03.394616,1800.0,85750.0,84911.0
2025-06-18 11:22:05.126852,1800.0,85745.0,84874.0
2025-06-18 11:22:05.184573,1800.0,85745.0,84874.0
2025-06-18 11:22:05.223282,1800.0,85745.0,84874.0
2025-06-18 11:22:05.231698,1800.0,85745.0,84874.0
2025-06-18 11:22:07.220648,1800.0,85745.0,84874.0
2025-06-18 11:22:08.818124,1800.0,85693.0,84912.0
2025-06-18 11:22:09.219379,1800.0,85693.0,84912.0
2025-06-18 11:22:14.022626,1800.0,85712.0,84866.0
2025-06-18 11:22:19.029197,1800.0,85772.0,84976.0
2025-06-18 11:22:19.357293,1800.0,85772.0,84976.0
2025-06-18 11:22:21.221121,1800.0,85772.0,84976.0
2025-06-18 11:22:22.249515,1800.0,85772.0,84976.0
2025-06-18 11:22:23.222360,1800.0,85772.0,84976.0
2025-06-18 11:22:23.928695,1800.0,85683.0,85126.0
2025-06-18 11:22:27.267536,1799.8,85683.0,85126.0
2025-06-18 11:22:28.833450,1799.8,85660.0,85014.0
2025-06-18 11:22:32.247899,1800.0,85660.0,85014.0
2025-06-18 11:22:33.733143,1800.0,85717.0,85008.0
2025-06-18 11:22:34.246370,1800.0,85717.0,85008.0
2025-06-18 11:22:35.219195,1800.0,85717.0,85008.0
2025-06-18 11:22:37.220244,1800.0,85717.0,85008.0
2025-06-18 11:22:38.253592,1800.0,85717.0,85008.0
2025-06-18 11:22:38.741005,1800.0,85744.0,84945.0
2025-06-18 11:22:40.226633,1800.0,85744.0,84945.0
2025-06-18 11:22:42.221388,1800.0,85744.0,84945.0
2025-06-18 11:22:43.220589,1799.8,85744.0,84945.0
2025-06-18 11:22:43.838313,1799.8,85893.0,84813.0
2025-06-18 11:22:46.230476,1800.0,85893.0,84813.0
2025-06-18 11:22:48.230136,1800.0,85893.0,84813.0
2025-06-18 11:22:49.220151,1800.0,85893.0,84813.0
2025-06-18 11:22:49.260066,1800.0,86014.0,84879.0
2025-06-18 11:22:52.255771,1800.0,86014.0,84879.0
2025-06-18 11:22:54.163680,1800.0,85994.0,84925.0
2025-06-18 11:22:54.229177,1800.0,85994.0,84925.0
2025-06-18 11:22:58.227799,1800.0,85994.0,84925.0
2025-06-18 11:22:58.951965,1800.0,85914.0,84906.0
2025-06-18 11:23:03.755193,1800.0,85122.0,84986.0
2025-06-18 11:23:04.224160,1799.8,85122.0,84986.0
2025-06-18 11:23:07.224271,1800.0,85122.0,84986.0
2025-06-18 11:23:08.223053,1800.0,85122.0,84986.0
2025-06-18 11:23:08.856678,1800.0,84902.0,84937.0
2025-06-18 11:23:13.234131,1800.0,84902.0,84937.0
2025-06-18 11:23:13.693248,1800.0,84933.0,85064.0
2025-06-18 11:23:14.227317,1800.0,84933.0,85064.0
2025-06-18 11:23:15.229050,1800.0,84933.0,85064.0
2025-06-18 11:23:18.863446,1799.5,82461.0,85674.0
2025-06-18 11:23:20.225215,1799.5,82461.0,85674.0
2025-06-18 11:23:23.230218,1799.5,82461.0,85674.0
2025-06-18 11:23:24.365028,1799.5,82935.0,85841.0
2025-06-18 11:23:25.227731,1798.8,82935.0,85841.0
2025-06-18 11:23:29.771518,1799.4,83390.0,87075.0
2025-06-18 11:23:31.248224,1798.8,83390.0,87075.0
2025-06-18 11:23:35.077540,1798.5,82670.0,87940.0
2025-06-18 11:23:35.228961,1798.5,82670.0,87940.0
2025-06-18 11:23:37.233695,1798.5,82670.0,87940.0
2025-06-18 11:23:39.229748,1798.5,82670.0,87940.0
2025-06-18 11:23:39.979527,1798.0,82707.0,87256.0
2025-06-18 11:23:41.242112,1798.1,82707.0,87256.0
2025-06-18 11:23:44.977825,1798.5,83217.0,87134.0
2025-06-18 11:23:45.231910,1798.5,83217.0,87134.0
2025-06-18 11:23:47.232227,1799.0,83217.0,87134.0
2025-06-18 11:23:49.348572,1799.0,83217.0,87134.0
2025-06-18 11:23:49.783913,1799.0,83560.0,86941.0
2025-06-18 11:23:53.232691,1799.1,83560.0,86941.0
2025-06-18 11:23:54.488790,1799.2,83889.0,86669.0
2025-06-18 11:23:55.235550,1799.2,83889.0,86669.0
2025-06-18 11:23:59.236917,1799.3,83889.0,86669.0
2025-06-18 11:23:59.487476,1799.3,83718.0,86966.0
2025-06-18 11:24:03.234349,1799.0,83718.0,86966.0
2025-06-18 11:24:04.391441,1798.5,84003.0,86293.0
2025-06-18 11:24:05.235809,1798.5,84003.0,86293.0
2025-06-18 11:24:07.240458,1800.0,84003.0,86293.0
2025-06-18 11:24:09.237305,1799.6,84003.0,86293.0
2025-06-18 11:24:09.393925,1799.6,85289.0,85529.0
2025-06-18 11:24:11.243029,1799.7,85289.0,85529.0
2025-06-18 11:24:14.302567,1799.7,85072.0,86605.0
2025-06-18 11:24:15.237462,1799.3,85072.0,86605.0
2025-06-18 11:24:19.222120,1799.3,84723.0,86260.0
2025-06-18 11:24:23.235908,1799.7,84723.0,86260.0
2025-06-18 11:24:24.215228,1799.7,84758.0,86322.0
2025-06-18 11:24:25.232704,1799.5,84758.0,86322.0
2025-06-18 11:24:29.245093,1798.6,84758.0,86322.0
2025-06-18 11:24:29.603818,1798.6,83673.0,87837.0
2025-06-18 11:24:33.276816,1799.2,83673.0,87837.0
2025-06-18 11:24:34.407250,1799.2,83441.0,87161.0
2025-06-18 11:24:35.240634,1799.2,83441.0,87161.0
2025-06-18 11:24:37.260724,1799.2,83441.0,87161.0
2025-06-18 11:24:39.306383,1799.2,83795.0,86761.0
2025-06-18 11:24:41.232411,1799.2,83795.0,86761.0
2025-06-18 11:24:43.234814,1799.2,83795.0,86761.0
2025-06-18 11:24:44.108770,1799.2,83899.0,87107.0
2025-06-18 11:24:49.449288,1799.2,83899.0,87107.0
2025-06-18 11:24:49.453537,1799.2,83827.0,87074.0
2025-06-18 11:24:49.495359,1799.2,83827.0,87074.0
2025-06-18 11:24:50.573921,1799.2,83827.0,87074.0
2025-06-18 11:24:51.250629,1799.2,83827.0,87074.0
2025-06-18 11:24:51.481119,1799.2,83827.0,87074.0
2025-06-18 11:24:52.451956,1799.2,83827.0,87074.0
2025-06-18 11:24:53.233426,1798.4,83827.0,87074.0
2025-06-18 11:24:53.279575,1798.4,83827.0,87074.0
2025-06-18 11:24:54.048760,1798.4,83827.0,87074.0
2025-06-18 11:24:54.221920,1798.4,84215.0,86960.0
2025-06-18 11:24:55.068972,1798.4,84215.0,86960.0
2025-06-18 11:24:56.065125,1798.4,84215.0,86960.0
2025-06-18 11:24:57.229676,1799.2,84215.0,86960.0
2025-06-18 11:24:57.795655,1799.2,84215.0,86960.0
2025-06-18 11:24:59.022372,1799.2,84164.0,86970.0
2025-06-18 11:24:59.032538,1799.2,84164.0,86970.0
2025-06-18 11:24:59.232421,1799.2,84164.0,86970.0
2025-06-18 11:24:59.909253,1799.2,84164.0,86970.0
2025-06-18 11:25:01.286720,1799.2,84164.0,86970.0
2025-06-18 11:25:02.420636,1799.2,84164.0,86970.0
2025-06-18 11:25:03.231619,1799.2,84164.0,86970.0
2025-06-18 11:25:03.561942,1799.2,84164.0,86970.0
2025-06-18 11:25:03.950654,1799.2,84109.0,86889.0
2025-06-18 11:25:05.017482,1799.2,84109.0,86889.0
2025-06-18 11:25:05.240065,1799.2,84109.0,86889.0
2025-06-18 11:25:07.232549,1799.1,84109.0,86889.0
2025-06-18 11:25:09.227927,1799.1,84109.0,86889.0
2025-06-18 11:25:09.329465,1799.1,83491.0,86989.0
2025-06-18 11:25:11.264748,1799.1,83491.0,86989.0
2025-06-18 11:25:13.256393,1799.1,83491.0,86989.0
2025-06-18 11:25:14.834121,1799.1,83507.0,86918.0
2025-06-18 11:25:19.230069,1799.1,83507.0,86918.0
2025-06-18 11:25:20.239618,1799.1,83780.0,86919.0
2025-06-18 11:25:23.365674,1799.1,83780.0,86919.0
2025-06-18 11:25:25.228181,1798.0,83780.0,86919.0
2025-06-18 11:25:25.340280,1798.0,82925.0,86320.0
2025-06-18 11:25:30.340369,1798.9,83420.0,87155.0
2025-06-18 11:25:31.233268,1798.9,83420.0,87155.0
2025-06-18 11:25:35.242012,1798.9,83420.0,87155.0
2025-06-18 11:25:35.341388,1798.9,83464.0,87061.0
2025-06-18 11:25:37.230181,1798.9,83464.0,87061.0
2025-06-18 11:25:39.908540,1798.9,83464.0,87061.0
2025-06-18 11:25:40.156204,1798.9,83431.0,87177.0
2025-06-18 11:25:43.230229,1798.9,83431.0,87177.0
2025-06-18 11:25:44.746757,1798.9,83339.0,87131.0
2025-06-18 11:25:49.226891,1798.5,83339.0,87131.0
2025-06-18 11:25:49.948626,1798.5,79842.0,88004.0
2025-06-18 11:25:51.234267,1798.4,79842.0,88004.0
2025-06-18 11:25:53.231377,1798.2,79842.0,88004.0
2025-06-18 11:25:55.260466,1798.2,81658.0,87238.0
2025-06-18 11:25:59.227227,1798.3,81658.0,87238.0
2025-06-18 11:26:00.556398,1798.3,81717.0,87606.0
2025-06-18 11:26:05.246052,1798.4,81717.0,87606.0
2025-06-18 11:26:05.758234,1798.4,81586.0,87674.0
2025-06-18 11:26:07.235096,1797.5,81586.0,87674.0
2025-06-18 11:26:10.676283,1798.3,82118.0,87185.0
2025-06-18 11:26:11.400483,1798.5,82118.0,87185.0
2025-06-18 11:26:13.232301,1798.6,82118.0,87185.0
2025-06-18 11:26:15.239817,1798.3,82118.0,87185.0
2025-06-18 11:26:15.565943,1798.5,82094.0,87314.0
2025-06-18 11:26:17.230703,1798.5,82094.0,87314.0
2025-06-18 11:26:20.468502,1798.5,83438.0,87443.0
2025-06-18 11:26:21.291071,1798.5,83438.0,87443.0
2025-06-18 11:26:23.269504,1798.9,83438.0,87443.0
2025-06-18 11:26:25.281182,1798.9,82604.0,87615.0
2025-06-18 11:26:27.237514,1798.9,82604.0,87615.0
2025-06-18 11:26:29.258595,1798.8,82604.0,87615.0
2025-06-18 11:26:30.184693,1798.8,83219.0,87664.0
2025-06-18 11:26:33.247414,1798.8,83219.0,87664.0
2025-06-18 11:26:35.187040,1798.8,83233.0,87549.0
2025-06-18 11:26:35.230262,1798.8,83233.0,87549.0
2025-06-18 11:26:37.254255,1798.8,83233.0,87549.0
2025-06-18 11:26:39.243794,1798.1,83233.0,87549.0
2025-06-18 11:26:39.982294,1798.1,82688.0,87480.0
2025-06-18 11:26:41.245233,1798.6,82688.0,87480.0
2025-06-18 11:26:45.231121,1798.6,82688.0,87480.0
2025-06-18 11:26:45.385404,1798.6,82979.0,87741.0
2025-06-18 11:26:49.239292,1798.6,82979.0,87741.0
2025-06-18 11:26:50.383661,1798.6,83193.0,87480.0
2025-06-18 11:26:51.235760,1798.6,83193.0,87480.0
2025-06-18 11:26:53.239081,1798.6,83193.0,87480.0
2025-06-18 11:26:55.238290,1798.9,83193.0,87480.0
2025-06-18 11:26:55.292592,1798.9,83247.0,87038.0
2025-06-18 11:26:59.243129,1798.8,83247.0,87038.0
2025-06-18 11:27:00.492049,1798.8,83065.0,87107.0
2025-06-18 11:27:01.593087,1798.8,82565.0,87108.0
2025-06-18 11:27:02.496169,1798.8,82711.0,87116.0
2025-06-18 11:27:03.625033,1798.8,82726.0,87131.0
2025-06-18 11:27:04.238316,1798.8,82726.0,87131.0
2025-06-18 11:27:04.621498,1798.8,82877.0,87020.0
2025-06-18 11:27:05.595476,1798.8,83019.0,87097.0
2025-06-18 11:27:06.728010,1798.8,83366.0,87000.0
2025-06-18 11:27:07.240604,1799.0,83366.0,87000.0
2025-06-18 11:27:07.711739,1799.0,83520.0,87175.0
2025-06-18 11:27:08.243989,1798.9,83520.0,87175.0
2025-06-18 11:27:08.800203,1798.9,82980.0,87180.0
2025-06-18 11:27:09.804118,1798.9,82940.0,86943.0
2025-06-18 11:27:10.904611,1797.8,82037.0,87367.0
2025-06-18 11:27:11.246338,1797.8,82037.0,87367.0
2025-06-18 11:27:12.003560,1797.8,82681.0,87059.0
2025-06-18 11:27:13.102915,1797.8,82634.0,86883.0
2025-06-18 11:27:14.229791,1797.8,82776.0,86897.0
2025-06-18 11:27:15.226017,1797.8,83102.0,86852.0
2025-06-18 11:27:16.240467,1798.9,83102.0,86852.0
2025-06-18 11:27:16.303961,1799.0,83320.0,87198.0
2025-06-18 11:27:17.243329,1799.0,83320.0,87198.0
2025-06-18 11:27:17.403413,1799.0,83139.0,87324.0
2025-06-18 11:27:18.504506,1799.0,83139.0,87323.0
2025-06-18 11:27:20.439467,1798.0,83139.0,87323.0
2025-06-18 11:27:20.482969,1798.0,83578.0,86884.0
2025-06-18 11:27:20.518621,1799.2,83578.0,86884.0
2025-06-18 11:27:20.520952,1799.2,83887.0,86731.0
2025-06-18 11:27:21.606328,1799.2,84060.0,86841.0
2025-06-18 11:27:22.245986,1799.2,84060.0,86841.0
2025-06-18 11:27:22.608153,1799.2,83784.0,87063.0
2025-06-18 11:27:23.266731,1799.2,83784.0,87063.0
2025-06-18 11:27:23.606726,1799.2,83777.0,87162.0
2025-06-18 11:27:24.509924,1799.2,83848.0,86976.0
2025-06-18 11:27:25.261560,1799.2,83848.0,86976.0
2025-06-18 11:27:25.605178,1799.2,83990.0,86519.0
2025-06-18 11:27:26.608228,1799.2,84028.0,86535.0
2025-06-18 11:27:27.607968,1799.2,83895.0,86649.0
2025-06-18 11:27:28.610110,1799.2,83860.0,86652.0
2025-06-18 11:27:29.513086,1799.2,84398.0,86283.0
2025-06-18 11:27:30.608570,1799.2,84598.0,86197.0
2025-06-18 11:27:31.269987,1799.2,84598.0,86197.0
2025-06-18 11:27:31.717897,1799.2,84280.0,85917.0
2025-06-18 11:27:32.812641,1799.2,84734.0,86401.0
2025-06-18 11:27:33.813173,1799.2,84363.0,85879.0
2025-06-18 11:27:34.240347,1799.2,84363.0,85879.0
2025-06-18 11:27:34.914301,1799.2,84835.0,86544.0
2025-06-18 11:27:35.242070,1799.2,84835.0,86544.0
2025-06-18 11:27:36.013756,1799.2,84708.0,86670.0
2025-06-18 11:27:37.117105,1799.7,84711.0,86398.0
2025-06-18 11:27:37.235630,1799.7,84711.0,86398.0
2025-06-18 11:27:38.214322,1799.7,84753.0,86368.0
2025-06-18 11:27:39.315990,1799.6,84643.0,86184.0
2025-06-18 11:27:40.238768,1799.6,84643.0,86184.0
2025-06-18 11:27:40.916251,1799.5,84336.0,86035.0
2025-06-18 11:27:41.241276,1799.5,84336.0,86035.0
2025-06-18 11:27:42.019217,1799.5,84250.0,86558.0
2025-06-18 11:27:43.116528,1799.5,84222.0,86520.0
2025-06-18 11:27:43.240381,1799.5,84222.0,86520.0
2025-06-18 11:27:44.219917,1799.6,84000.0,86536.0
2025-06-18 11:27:44.239906,1799.6,84000.0,86536.0
2025-06-18 11:27:45.222602,1799.6,84012.0,86535.0
2025-06-18 11:27:46.224282,1799.6,84099.0,86411.0
2025-06-18 11:27:47.238543,1799.3,84099.0,86411.0
2025-06-18 11:27:47.320412,1799.3,84066.0,86471.0
2025-06-18 11:27:48.235054,1799.4,84066.0,86471.0
2025-06-18 11:27:48.418449,1799.5,83641.0,86491.0
2025-06-18 11:27:49.239514,1799.5,83641.0,86491.0
2025-06-18 11:27:49.422773,1799.5,83816.0,86775.0
2025-06-18 11:27:49.919972,1799.5,83816.0,86775.0
2025-06-18 11:27:50.240084,1799.1,83816.0,86775.0
2025-06-18 11:27:50.419741,1799.1,83812.0,86952.0
2025-06-18 11:27:51.006077,1799.1,83812.0,86952.0
2025-06-18 11:27:51.419735,1799.1,84063.0,86429.0
2025-06-18 11:27:51.928154,1799.1,84063.0,86429.0
2025-06-18 11:27:52.235449,1799.6,84063.0,86429.0
2025-06-18 11:27:52.420852,1799.6,84330.0,86445.0
2025-06-18 11:27:52.852810,1799.6,84330.0,86445.0
2025-06-18 11:27:53.420230,1799.5,84021.0,86940.0
2025-06-18 11:27:53.764043,1799.5,84021.0,86940.0
2025-06-18 11:27:54.237004,1799.5,84021.0,86940.0
2025-06-18 11:27:54.419855,1799.5,83966.0,86977.0
2025-06-18 11:27:54.491702,1799.5,83966.0,86977.0
2025-06-18 11:27:55.420682,1799.5,84007.0,86627.0
2025-06-18 11:27:55.511520,1799.5,84007.0,86627.0
2025-06-18 11:27:56.068316,1799.5,84007.0,86627.0
2025-06-18 11:27:56.422298,1799.5,83989.0,86616.0
2025-06-18 11:27:56.474167,1799.5,83989.0,86616.0
2025-06-18 11:27:57.321747,1799.5,84022.0,86542.0
2025-06-18 11:27:57.342408,1799.5,84022.0,86542.0
2025-06-18 11:27:58.263524,1799.5,84022.0,86542.0
2025-06-18 11:27:58.265455,1799.7,84022.0,86542.0
2025-06-18 11:27:58.425580,1799.7,84247.0,86279.0
2025-06-18 11:27:59.233507,1798.7,84247.0,86279.0
2025-06-18 11:27:59.424480,1798.7,84096.0,86905.0
2025-06-18 11:27:59.458606,1798.7,84096.0,86905.0
2025-06-18 11:28:00.320155,1798.7,84096.0,86905.0
2025-06-18 11:28:00.524514,1798.7,84101.0,86935.0
2025-06-18 11:28:01.723519,1798.7,84101.0,86935.0
2025-06-18 11:28:01.739042,1798.7,84103.0,86875.0
2025-06-18 11:28:02.827029,1798.7,84161.0,86414.0
2025-06-18 11:28:02.855523,1798.7,84161.0,86414.0
2025-06-18 11:28:03.828315,1799.3,84065.0,87135.0
2025-06-18 11:28:03.970558,1799.3,84065.0,87135.0
2025-06-18 11:28:04.238446,1799.3,84065.0,87135.0
2025-06-18 11:28:04.831155,1799.3,84144.0,86957.0
2025-06-18 11:28:05.604181,1799.3,84144.0,86957.0
2025-06-18 11:28:05.831262,1799.3,84061.0,86959.0
2025-06-18 11:28:06.831994,1799.4,83756.0,86385.0
2025-06-18 11:28:07.237293,1799.4,83756.0,86385.0
2025-06-18 11:28:07.831486,1799.5,83543.0,87695.0
2025-06-18 11:28:10.441739,1799.5,83543.0,87695.0
2025-06-18 11:28:10.480818,1799.5,83595.0,87073.0
2025-06-18 11:28:10.520824,1799.5,83566.0,87043.0
2025-06-18 11:28:11.134195,1799.0,83406.0,87416.0
2025-06-18 11:28:11.238814,1799.0,83406.0,87416.0
2025-06-18 11:28:12.136190,1799.0,83944.0,86660.0
2025-06-18 11:28:13.233059,1799.0,81690.0,86373.0
2025-06-18 11:28:14.244600,1799.6,81690.0,86373.0
2025-06-18 11:28:14.244868,1799.6,83996.0,86861.0
2025-06-18 11:28:15.242750,1799.6,83998.0,86843.0
2025-06-18 11:28:16.136105,1799.6,83952.0,86912.0
2025-06-18 11:28:17.246876,1799.6,83962.0,86891.0
2025-06-18 11:28:18.346107,1799.6,83987.0,86918.0
2025-06-18 11:28:19.240037,1799.4,83987.0,86918.0
2025-06-18 11:28:19.344871,1799.4,84089.0,86868.0
2025-06-18 11:28:20.343520,1799.4,84001.0,86904.0
2025-06-18 11:28:21.247123,1799.4,84043.0,86994.0
2025-06-18 11:28:22.704824,1799.4,84043.0,86994.0
2025-06-18 11:28:22.706666,1799.4,84067.0,86946.0
2025-06-18 11:28:23.242989,1798.7,84067.0,86946.0
2025-06-18 11:28:23.251247,1798.7,84235.0,86992.0
2025-06-18 11:28:24.142559,1798.5,83816.0,86954.0
2025-06-18 11:28:24.239298,1798.5,83816.0,86954.0
2025-06-18 11:28:25.338894,1798.5,83855.0,86604.0
2025-06-18 11:28:26.440341,1798.5,84259.0,86055.0
2025-06-18 11:28:27.439223,1798.5,84314.0,86132.0
2025-06-18 11:28:28.540532,1799.5,84294.0,86458.0
2025-06-18 11:28:29.241581,1799.5,84294.0,86458.0
2025-06-18 11:28:29.539693,1799.5,84295.0,86034.0
2025-06-18 11:28:30.539727,1799.5,84295.0,86034.0
2025-06-18 11:28:31.441553,1799.5,84352.0,86018.0
2025-06-18 11:28:32.443987,1799.5,84399.0,86018.0
2025-06-18 11:28:33.546606,1799.5,84249.0,86501.0
2025-06-18 11:28:34.239338,1799.5,84249.0,86501.0
2025-06-18 11:28:34.651741,1799.4,83858.0,85842.0
2025-06-18 11:28:35.238851,1799.4,83858.0,85842.0
2025-06-18 11:28:35.652837,1799.4,83811.0,86178.0
2025-06-18 11:28:36.548309,1799.4,83896.0,85566.0
2025-06-18 11:28:37.241111,1799.6,83896.0,85566.0
2025-06-18 11:28:37.655247,1799.4,83935.0,86902.0
2025-06-18 11:28:38.244381,1799.4,83935.0,86902.0
2025-06-18 11:28:38.654178,1799.4,83954.0,86472.0
2025-06-18 11:28:39.243098,1798.5,83954.0,86472.0
2025-06-18 11:28:39.653609,1798.5,83960.0,86514.0
2025-06-18 11:28:40.656539,1798.5,83961.0,86535.0
2025-06-18 11:28:41.552139,1798.5,83961.0,86535.0
2025-06-18 11:28:42.553279,1798.5,83922.0,86173.0
2025-06-18 11:28:43.554784,1798.5,84009.0,85962.0
2025-06-18 11:28:44.553861,1799.4,83999.0,86802.0
2025-06-18 11:28:45.240841,1799.4,83999.0,86802.0
2025-06-18 11:28:45.559272,1799.4,84056.0,86439.0
2025-06-18 11:28:47.457767,1799.4,84115.0,86425.0
2025-06-18 11:28:48.239698,1799.4,84115.0,86425.0
2025-06-18 11:28:48.458515,1799.4,83953.0,85896.0
2025-06-18 11:28:49.240420,1799.4,83953.0,85896.0
2025-06-18 11:28:49.456391,1799.4,83989.0,86305.0
2025-06-18 11:28:50.461870,1799.4,83933.0,87094.0
2025-06-18 11:28:51.463213,1799.4,83929.0,87158.0
2025-06-18 11:28:52.240145,1799.4,83929.0,87158.0
2025-06-18 11:28:52.463054,1799.4,84075.0,86856.0
2025-06-18 11:28:53.362678,1799.3,84008.0,87129.0
2025-06-18 11:28:54.238879,1799.3,84008.0,87129.0
2025-06-18 11:28:54.362931,1799.4,83966.0,87262.0
2025-06-18 11:28:55.243835,1799.4,83966.0,87262.0
2025-06-18 11:28:55.462255,1799.3,83893.0,87448.0
2025-06-18 11:28:56.242314,1799.3,83893.0,87448.0
2025-06-18 11:28:56.578522,1799.3,83930.0,87450.0
2025-06-18 11:28:57.564213,1799.3,83884.0,87285.0
2025-06-18 11:28:58.405336,1799.3,83884.0,87285.0
2025-06-18 11:28:58.566080,1799.3,83877.0,87024.0
2025-06-18 11:28:59.679629,1799.3,83956.0,87151.0
2025-06-18 11:29:00.766918,1799.3,83989.0,87225.0
2025-06-18 11:29:01.675458,1799.3,83975.0,87211.0
2025-06-18 11:29:02.771460,1799.3,83955.0,87163.0
2025-06-18 11:29:03.864426,1799.3,83862.0,86864.0
2025-06-18 11:29:04.253165,1799.3,83862.0,86864.0
2025-06-18 11:29:04.966489,1799.3,83886.0,86876.0
2025-06-18 11:29:05.868526,1799.3,83850.0,86769.0
2025-06-18 11:29:07.244541,1799.4,83850.0,86769.0
2025-06-18 11:29:07.566690,1799.4,84039.0,87267.0
2025-06-18 11:29:08.682358,1799.3,83911.0,87521.0
2025-06-18 11:29:09.271906,1799.3,83911.0,87521.0
2025-06-18 11:29:09.769486,1799.3,83975.0,87147.0
2025-06-18 11:29:10.769594,1799.3,83975.0,87054.0
2025-06-18 11:29:11.866276,1799.3,83977.0,87055.0
2025-06-18 11:29:12.774663,1799.3,83975.0,87055.0
2025-06-18 11:29:13.869963,1799.3,83978.0,87055.0
2025-06-18 11:29:14.870004,1799.3,84045.0,86667.0
2025-06-18 11:29:15.975187,1799.3,84107.0,86667.0
2025-06-18 11:29:17.075490,1799.3,84435.0,86701.0
2025-06-18 11:29:18.207295,1799.4,84075.0,86829.0
2025-06-18 11:29:18.248922,1799.4,84075.0,86829.0
2025-06-18 11:29:19.279756,1799.4,84560.0,86460.0
2025-06-18 11:29:20.247039,1799.5,84560.0,86460.0
2025-06-18 11:29:20.277481,1799.5,84482.0,86753.0
2025-06-18 11:29:21.276391,1799.5,84390.0,86753.0
2025-06-18 11:29:22.250982,1799.5,84390.0,86753.0
2025-06-18 11:29:22.277950,1799.5,84455.0,86407.0
2025-06-18 11:29:23.378624,1799.5,84650.0,86400.0
2025-06-18 11:29:24.478462,1799.5,84749.0,86705.0
2025-06-18 11:29:25.485271,1799.5,84731.0,86705.0
2025-06-18 11:29:26.491745,1799.6,84730.0,86690.0
2025-06-18 11:29:27.246792,1799.6,84730.0,86690.0
2025-06-18 11:29:27.485649,1799.6,84727.0,86382.0
2025-06-18 11:29:28.795636,1799.3,84508.0,87339.0
2025-06-18 11:29:29.241969,1799.3,84508.0,87339.0
2025-06-18 11:29:29.480780,1799.3,84537.0,87026.0
2025-06-18 11:29:30.381179,1799.3,84641.0,86900.0
2025-06-18 11:29:31.382103,1799.3,84722.0,86887.0
2025-06-18 11:29:32.422628,1799.3,84663.0,86996.0
2025-06-18 11:29:33.489024,1799.4,84501.0,87376.0
2025-06-18 11:29:34.245368,1799.4,84501.0,87376.0
2025-06-18 11:29:34.492465,1799.4,84288.0,86946.0
2025-06-18 11:29:35.249291,1798.6,84288.0,86946.0
2025-06-18 11:29:35.491490,1798.6,82759.0,87565.0
2025-06-18 11:29:36.586276,1798.6,82497.0,88725.0
2025-06-18 11:29:37.244141,1799.1,82497.0,88725.0
2025-06-18 11:29:37.495114,1799.0,82501.0,88714.0
2025-06-18 11:29:38.247134,1799.0,82501.0,88714.0
2025-06-18 11:29:38.590265,1799.0,82518.0,88886.0
2025-06-18 11:29:39.701053,1799.0,82483.0,88776.0
2025-06-18 11:29:40.807787,1799.0,82494.0,88354.0
2025-06-18 11:29:41.889682,1799.0,82473.0,88438.0
2025-06-18 11:29:42.248151,1799.0,82473.0,88438.0
2025-06-18 11:29:42.800225,1799.0,82576.0,88610.0
2025-06-18 11:29:43.892770,1799.0,82585.0,88693.0
2025-06-18 11:29:44.995258,1799.0,82544.0,88810.0
2025-06-18 11:29:46.099797,1799.0,79598.0,88737.0
2025-06-18 11:29:47.205733,1799.0,82235.0,88841.0
2025-06-18 11:29:48.229664,1799.0,82277.0,88844.0
2025-06-18 11:29:48.258042,1798.8,82277.0,88844.0
2025-06-18 11:29:49.243565,1798.8,82277.0,88844.0
2025-06-18 11:29:49.293124,1798.8,82307.0,88656.0
2025-06-18 11:29:50.393128,1798.8,82330.0,88487.0
2025-06-18 11:29:51.495980,1798.8,82315.0,88487.0
2025-06-18 11:29:52.245768,1798.8,82315.0,88487.0
2025-06-18 11:29:52.399103,1798.8,82314.0,88438.0
2025-06-18 11:29:53.496811,1798.8,82262.0,88522.0
2025-06-18 11:29:54.598603,1798.8,82263.0,88503.0
2025-06-18 11:29:55.262317,1798.8,82263.0,88503.0
2025-06-18 11:29:55.709985,1798.8,82173.0,88518.0
2025-06-18 11:29:56.711525,1797.7,81356.0,88840.0
2025-06-18 11:29:57.258062,1797.7,81356.0,88840.0
2025-06-18 11:29:57.717041,1797.7,81807.0,88846.0
2025-06-18 11:29:58.295259,1798.5,81807.0,88846.0
2025-06-18 11:29:58.806411,1798.5,81920.0,89136.0
2025-06-18 11:29:59.904262,1798.5,81975.0,89125.0
2025-06-18 11:30:01.242693,1798.6,81975.0,89125.0
2025-06-18 11:30:03.252981,1798.6,81975.0,89125.0
2025-06-18 11:30:03.408669,1798.6,81752.0,89341.0
2025-06-18 11:30:06.247835,1798.6,81752.0,89341.0
2025-06-18 11:30:08.813576,1798.3,81206.0,90176.0
2025-06-18 11:30:09.252790,1798.3,81206.0,90176.0
2025-06-18 11:30:12.257927,1798.0,81206.0,90176.0
2025-06-18 11:30:14.316682,1798.1,80462.0,90335.0
2025-06-18 11:30:15.252398,1797.3,80462.0,90335.0
2025-06-18 11:30:19.723763,1797.3,81102.0,89851.0
2025-06-18 11:30:25.320259,1798.3,81912.0,90123.0
2025-06-18 11:30:27.249800,1798.3,81912.0,90123.0
2025-06-18 11:30:29.250453,1798.3,81912.0,90123.0
2025-06-18 11:30:30.655088,1798.3,81762.0,89982.0
2025-06-18 11:30:31.247057,1798.3,81762.0,89982.0
2025-06-18 11:30:35.265737,1798.3,81762.0,89982.0
2025-06-18 11:30:35.724787,1798.3,81824.0,89921.0
2025-06-18 11:30:37.312090,1797.5,81824.0,89921.0
2025-06-18 11:30:39.261175,1798.3,81824.0,89921.0
2025-06-18 11:30:40.938731,1798.3,81981.0,89751.0
2025-06-18 11:30:43.252121,1798.3,81981.0,89751.0
2025-06-18 11:30:45.272080,1798.5,81981.0,89751.0
2025-06-18 11:30:46.432004,1798.5,82288.0,89523.0
2025-06-18 11:30:47.269594,1798.4,82288.0,89523.0
2025-06-18 11:30:49.251043,1798.4,82288.0,89523.0
2025-06-18 11:30:50.337953,1798.4,82288.0,89523.0
2025-06-18 11:30:51.267182,1798.4,82288.0,89523.0
2025-06-18 11:30:51.433753,1798.4,82288.0,89523.0
2025-06-18 11:30:51.639111,1798.4,82471.0,89671.0
2025-06-18 11:30:52.356095,1798.4,82471.0,89671.0
2025-06-18 11:30:53.256958,1798.4,82471.0,89671.0
2025-06-18 11:30:53.299067,1798.4,82471.0,89671.0
2025-06-18 11:30:54.173086,1798.4,82471.0,89671.0
2025-06-18 11:30:55.258247,1798.4,82471.0,89671.0
2025-06-18 11:30:55.982582,1798.4,82471.0,89671.0
2025-06-18 11:30:56.551563,1798.4,82471.0,89671.0
2025-06-18 11:30:56.645509,1798.4,82451.0,89644.0
2025-06-18 11:30:56.949713,1798.4,82451.0,89644.0
2025-06-18 11:30:57.257764,1798.4,82451.0,89644.0
2025-06-18 11:30:57.455528,1798.4,82451.0,89644.0
2025-06-18 11:30:58.763995,1798.4,82451.0,89644.0
2025-06-18 11:30:59.967688,1798.4,82451.0,89644.0
2025-06-18 11:31:00.832351,1798.4,82451.0,89644.0
2025-06-18 11:31:01.258994,1798.4,82451.0,89644.0
2025-06-18 11:31:01.544740,1798.4,82803.0,89344.0
2025-06-18 11:31:02.289562,1798.4,82803.0,89344.0
2025-06-18 11:31:03.261439,1798.3,82803.0,89344.0
2025-06-18 11:31:03.389216,1798.3,82803.0,89344.0
2025-06-18 11:31:04.495968,1798.3,82803.0,89344.0
2025-06-18 11:31:05.264440,1798.3,82803.0,89344.0
2025-06-18 11:31:05.975773,1798.3,82803.0,89344.0
2025-06-18 11:31:06.447681,1798.4,82834.0,89495.0
2025-06-18 11:31:07.271822,1798.4,82834.0,89495.0
2025-06-18 11:31:09.253495,1798.4,82834.0,89495.0
2025-06-18 11:31:11.264065,1798.4,82834.0,89495.0
2025-06-18 11:31:11.553131,1798.4,82866.0,89495.0
2025-06-18 11:31:16.759502,1798.4,82942.0,89340.0
2025-06-18 11:31:17.265132,1798.4,82942.0,89340.0
2025-06-18 11:31:19.269089,1798.4,82942.0,89340.0
2025-06-18 11:31:21.260911,1798.3,82942.0,89340.0
2025-06-18 11:31:21.966970,1798.3,82082.0,89387.0
2025-06-18 11:31:23.265419,1798.3,82082.0,89387.0
2025-06-18 11:31:27.257052,1798.2,82082.0,89387.0
2025-06-18 11:31:27.565253,1798.2,81933.0,89971.0
2025-06-18 11:31:31.262205,1798.2,81933.0,89971.0
2025-06-18 11:31:32.969159,1798.2,82253.0,89524.0
2025-06-18 11:31:35.265303,1798.2,82253.0,89524.0
2025-06-18 11:31:37.258015,1798.2,82253.0,89524.0
2025-06-18 11:31:37.974252,1798.2,82450.0,89924.0
2025-06-18 11:31:39.310818,1798.2,82450.0,89924.0
2025-06-18 11:31:43.187495,1798.2,82324.0,89593.0
2025-06-18 11:31:43.272019,1798.2,82324.0,89593.0
2025-06-18 11:31:48.296004,1798.2,82172.0,89588.0
2025-06-18 11:31:49.277010,1798.2,82172.0,89588.0
2025-06-18 11:31:53.262355,1797.2,82172.0,89588.0
2025-06-18 11:31:53.291251,1797.2,79464.0,90887.0
2025-06-18 11:31:57.413935,1797.6,79464.0,90887.0
2025-06-18 11:31:58.301092,1797.8,80877.0,91286.0
2025-06-18 11:31:59.257917,1797.8,80877.0,91286.0
2025-06-18 11:32:01.283130,1797.6,80877.0,91286.0
2025-06-18 11:32:03.097924,1797.3,80123.0,91757.0
2025-06-18 11:32:03.264304,1797.3,80123.0,91757.0
2025-06-18 11:32:05.256286,1797.3,80123.0,91757.0
2025-06-18 11:32:08.281705,1797.1,80123.0,91757.0
2025-06-18 11:32:08.502427,1796.7,78540.0,92022.0
2025-06-18 11:32:13.260826,1796.3,78540.0,92022.0
2025-06-18 11:32:14.808956,1796.3,78751.0,93472.0
2025-06-18 11:32:17.271271,1796.2,78751.0,93472.0
2025-06-18 11:32:20.247341,1796.4,79309.0,93157.0
2025-06-18 11:32:20.277117,1796.4,79309.0,93157.0
2025-06-18 11:32:23.256704,1796.3,79309.0,93157.0
2025-06-18 11:32:25.923014,1796.0,78367.0,92830.0
2025-06-18 11:32:26.263296,1796.0,78367.0,92830.0
2025-06-18 11:32:29.262223,1796.0,78367.0,92830.0
2025-06-18 11:32:31.735096,1796.4,78683.0,93022.0
2025-06-18 11:32:32.259484,1796.4,78683.0,93022.0
2025-06-18 11:32:35.261968,1795.6,78683.0,93022.0
2025-06-18 11:32:37.528433,1796.4,78850.0,93215.0
2025-06-18 11:32:38.262082,1796.4,78850.0,93215.0
2025-06-18 11:32:41.266251,1795.8,78850.0,93215.0
2025-06-18 11:32:43.253363,1795.8,79402.0,92589.0
2025-06-18 11:32:44.312165,1796.0,79402.0,92589.0
2025-06-18 11:32:47.270664,1795.7,79402.0,92589.0
2025-06-18 11:32:48.633970,1795.7,78691.0,93308.0
2025-06-18 11:32:53.260522,1795.7,78691.0,93308.0
2025-06-18 11:32:53.838661,1795.7,78657.0,93300.0
2025-06-18 11:32:59.823269,1796.0,78818.0,93173.0
2025-06-18 11:32:59.830389,1796.0,78818.0,93173.0
2025-06-18 11:33:04.538679,1795.1,78297.0,93573.0
2025-06-18 11:33:05.278061,1795.4,78297.0,93573.0
2025-06-18 11:33:08.259499,1795.8,78297.0,93573.0
2025-06-18 11:33:10.041979,1795.8,77955.0,94306.0
2025-06-18 11:33:11.261748,1795.8,77955.0,94306.0
2025-06-18 11:33:14.260993,1795.8,77955.0,94306.0
2025-06-18 11:33:15.347347,1795.8,78372.0,93712.0
2025-06-18 11:33:20.549167,1795.8,78675.0,92942.0
2025-06-18 11:33:23.274589,1795.9,78675.0,92942.0
2025-06-18 11:33:25.750933,1796.0,78633.0,93422.0
2025-06-18 11:33:26.274110,1795.8,78633.0,93422.0
2025-06-18 11:33:29.267334,1794.6,78633.0,93422.0
2025-06-18 11:33:31.553372,1794.1,77661.0,93817.0
2025-06-18 11:33:32.276606,1795.0,77661.0,93817.0
2025-06-18 11:33:35.273408,1794.9,77661.0,93817.0
2025-06-18 11:33:37.352159,1795.1,77456.0,95050.0
2025-06-18 11:33:38.267141,1795.0,77456.0,95050.0
2025-06-18 11:33:41.269869,1794.8,77456.0,95050.0
2025-06-18 11:33:43.360352,1794.8,76983.0,95131.0
2025-06-18 11:33:44.276055,1794.8,76983.0,95131.0
2025-06-18 11:33:47.282277,1794.3,76983.0,95131.0
2025-06-18 11:33:49.172655,1794.3,77513.0,95495.0
2025-06-18 11:33:50.295484,1794.8,77513.0,95495.0
2025-06-18 11:33:51.102688,1794.8,77513.0,95495.0
2025-06-18 11:33:52.226846,1794.8,77513.0,95495.0
2025-06-18 11:33:53.152444,1794.8,77513.0,95495.0
2025-06-18 11:33:53.266271,1794.8,77513.0,95495.0
2025-06-18 11:33:54.104602,1794.8,77513.0,95495.0
2025-06-18 11:33:54.868528,1794.8,77649.0,95321.0
2025-06-18 11:33:54.978772,1794.8,77649.0,95321.0
2025-06-18 11:33:55.794533,1794.8,77649.0,95321.0
2025-06-18 11:33:56.898632,1794.8,77649.0,95321.0
2025-06-18 11:33:57.476702,1794.8,77649.0,95321.0
2025-06-18 11:33:58.376044,1794.8,77649.0,95321.0
2025-06-18 11:33:59.274946,1794.2,77649.0,95321.0
2025-06-18 11:33:59.746245,1794.2,77649.0,95321.0
2025-06-18 11:34:00.876030,1793.9,77242.0,95222.0
2025-06-18 11:34:00.888577,1793.9,77242.0,95222.0
2025-06-18 11:34:01.270333,1793.8,77242.0,95222.0
2025-06-18 11:34:01.755374,1793.8,77242.0,95222.0
2025-06-18 11:34:02.283167,1793.8,77338.0,94776.0
2025-06-18 11:34:03.140305,1793.8,77338.0,94776.0
2025-06-18 11:34:03.274950,1794.2,77338.0,94776.0
2025-06-18 11:34:03.287159,1794.2,77595.0,94670.0
2025-06-18 11:34:04.282372,1794.2,77595.0,94670.0
2025-06-18 11:34:04.977423,1794.2,78189.0,95184.0
2025-06-18 11:34:05.519884,1794.2,78189.0,95184.0
2025-06-18 11:34:05.875524,1794.2,78317.0,94948.0
2025-06-18 11:34:06.889509,1794.2,78317.0,94948.0
2025-06-18 11:34:06.977628,1794.8,78296.0,94929.0
2025-06-18 11:34:07.268687,1794.8,78296.0,94929.0
2025-06-18 11:34:07.980356,1794.8,78265.0,94929.0
2025-06-18 11:34:09.078349,1794.6,78237.0,94895.0
2025-06-18 11:34:09.267795,1794.6,78237.0,94895.0
2025-06-18 11:34:10.181861,1794.6,78226.0,94897.0
2025-06-18 11:34:11.310140,1794.6,78363.0,94880.0
2025-06-18 11:34:12.292577,1794.6,78363.0,94893.0
2025-06-18 11:34:13.268183,1794.7,78363.0,94893.0
2025-06-18 11:34:13.382682,1794.7,77700.0,95426.0
2025-06-18 11:34:14.277238,1794.7,77700.0,95426.0
2025-06-18 11:34:14.483277,1794.7,77750.0,94978.0
2025-06-18 11:34:15.275208,1794.0,77750.0,94978.0
2025-06-18 11:34:15.582457,1794.0,77721.0,95425.0
2025-06-18 11:34:16.585049,1794.0,77738.0,95660.0
2025-06-18 11:34:17.583388,1794.4,77351.0,95976.0
2025-06-18 11:34:18.277830,1793.9,77351.0,95976.0
2025-06-18 11:34:18.687358,1793.9,77285.0,95865.0
2025-06-18 11:34:19.800899,1793.9,77394.0,96242.0
2025-06-18 11:34:20.296428,1793.7,77394.0,96242.0
2025-06-18 11:34:20.887863,1793.7,72857.0,97241.0
2025-06-18 11:34:21.986210,1793.7,75974.0,96962.0
2025-06-18 11:34:22.278778,1792.8,75974.0,96962.0
2025-06-18 11:34:22.988732,1792.8,76373.0,96977.0
2025-06-18 11:34:24.091292,1792.8,76495.0,96983.0
2025-06-18 11:34:25.093701,1793.1,76616.0,97100.0
2025-06-18 11:34:25.272209,1793.1,76616.0,97100.0
2025-06-18 11:34:26.206139,1792.5,75367.0,96173.0
2025-06-18 11:34:26.270775,1792.5,75367.0,96173.0
2025-06-18 11:34:27.094137,1792.5,77441.0,96264.0
2025-06-18 11:34:28.094216,1792.5,76910.0,96412.0
2025-06-18 11:34:29.195983,1793.2,77330.0,96756.0
2025-06-18 11:34:29.274243,1793.2,77330.0,96756.0
2025-06-18 11:34:30.307998,1793.2,77374.0,96532.0
2025-06-18 11:34:31.268243,1793.7,77374.0,96532.0
2025-06-18 11:34:31.397830,1793.7,77263.0,96972.0
2025-06-18 11:34:32.396381,1793.7,77381.0,96897.0
2025-06-18 11:34:33.277852,1793.6,77381.0,96897.0
2025-06-18 11:34:33.395804,1793.6,77028.0,96992.0
2025-06-18 11:34:34.394644,1793.6,77158.0,96744.0
2025-06-18 11:34:35.267987,1793.6,77158.0,96744.0
2025-06-18 11:34:35.494752,1793.7,77134.0,97119.0
2025-06-18 11:34:36.270662,1793.7,77134.0,97119.0
2025-06-18 11:34:36.595007,1793.7,77150.0,97119.0
2025-06-18 11:34:37.431907,1793.7,77150.0,97119.0
2025-06-18 11:34:37.598147,1793.7,77208.0,97099.0
2025-06-18 11:34:38.268438,1793.6,77208.0,97099.0
2025-06-18 11:34:38.700191,1793.6,77255.0,97088.0
2025-06-18 11:34:39.798392,1793.7,77239.0,97086.0
2025-06-18 11:34:40.270481,1793.7,77239.0,97086.0
2025-06-18 11:34:40.903876,1793.7,77239.0,97087.0
2025-06-18 11:34:41.899927,1793.6,76859.0,97130.0
2025-06-18 11:34:42.274540,1793.6,76859.0,97130.0
2025-06-18 11:34:43.000058,1793.6,76989.0,97020.0
2025-06-18 11:34:44.102324,1793.6,76993.0,96972.0
2025-06-18 11:34:45.236318,1793.6,77070.0,97030.0
2025-06-18 11:34:46.283494,1793.5,77070.0,97030.0
2025-06-18 11:34:46.316317,1792.9,76788.0,98007.0
2025-06-18 11:34:47.276635,1792.8,76788.0,98007.0
2025-06-18 11:34:47.404486,1792.8,76235.0,97679.0
2025-06-18 11:34:48.267777,1792.9,76235.0,97679.0
2025-06-18 11:34:48.405318,1794.0,78705.0,96194.0
2025-06-18 11:34:49.275194,1794.0,78705.0,96194.0
2025-06-18 11:34:49.404842,1794.0,77789.0,96754.0
2025-06-18 11:34:50.268603,1793.1,77789.0,96754.0
2025-06-18 11:34:50.505931,1793.1,77389.0,96777.0
2025-06-18 11:34:51.608495,1793.1,77440.0,96735.0
2025-06-18 11:34:52.267587,1792.8,77440.0,96735.0
2025-06-18 11:34:52.715843,1792.8,77912.0,96185.0
2025-06-18 11:34:53.741086,1792.8,78307.0,96161.0
2025-06-18 11:34:54.811072,1792.8,78530.0,96023.0
2025-06-18 11:34:55.270521,1793.6,78530.0,96023.0
2025-06-18 11:34:55.813272,1793.6,79146.0,95256.0
2025-06-18 11:34:56.811772,1794.0,79150.0,95349.0
2025-06-18 11:34:57.296768,1794.0,79150.0,95349.0
2025-06-18 11:35:00.440314,1794.0,79213.0,95429.0
2025-06-18 11:35:00.445071,1793.6,79213.0,95429.0
2025-06-18 11:35:00.484973,1793.6,78902.0,95318.0
2025-06-18 11:35:00.496025,1793.6,78914.0,95244.0
2025-06-18 11:35:01.915241,1794.0,79122.0,95252.0
2025-06-18 11:35:02.271238,1794.0,79122.0,95252.0
2025-06-18 11:35:02.912403,1794.0,79090.0,95314.0
2025-06-18 11:35:03.275205,1794.0,79090.0,95314.0
2025-06-18 11:35:03.814353,1794.0,79072.0,95249.0
2025-06-18 11:35:04.284837,1794.0,79072.0,95249.0
2025-06-18 11:35:04.815404,1793.7,78991.0,95160.0
2025-06-18 11:35:05.274369,1793.7,78991.0,95160.0
2025-06-18 11:35:06.290298,1794.0,78991.0,95160.0
2025-06-18 11:35:06.515076,1794.6,81104.0,94313.0
2025-06-18 11:35:07.326189,1794.8,81104.0,94313.0
2025-06-18 11:35:07.515241,1794.8,80134.0,93732.0
2025-06-18 11:35:08.615244,1794.9,80172.0,94066.0
2025-06-18 11:35:09.279733,1794.9,80172.0,94066.0
2025-06-18 11:35:09.519048,1794.8,79414.0,95171.0
2025-06-18 11:35:10.279676,1794.7,79414.0,95171.0
2025-06-18 11:35:10.615830,1794.7,80989.0,94151.0
2025-06-18 11:35:11.615768,1794.9,80413.0,94668.0
2025-06-18 11:35:12.496398,1794.9,80413.0,94668.0
2025-06-18 11:35:12.617133,1794.9,79896.0,94337.0
2025-06-18 11:35:13.292614,1794.9,79896.0,94337.0
2025-06-18 11:35:13.515670,1794.8,79576.0,95337.0
2025-06-18 11:35:14.318787,1794.8,79576.0,95337.0
2025-06-18 11:35:14.521624,1794.8,79414.0,95048.0
2025-06-18 11:35:15.418259,1794.8,79478.0,95047.0
2025-06-18 11:35:16.620403,1794.8,79589.0,95128.0
2025-06-18 11:35:17.730551,1794.6,79248.0,95077.0
2025-06-18 11:35:18.288184,1794.3,79248.0,95077.0
2025-06-18 11:35:18.730806,1794.3,78613.0,95149.0
2025-06-18 11:35:19.332732,1794.3,78613.0,95149.0
2025-06-18 11:35:19.745661,1794.3,78701.0,95901.0
2025-06-18 11:35:20.731326,1794.3,78097.0,96345.0
2025-06-18 11:35:21.285888,1794.3,78097.0,96345.0
2025-06-18 11:35:21.731152,1794.3,78107.0,96551.0
2025-06-18 11:35:22.293041,1794.4,78107.0,96551.0
2025-06-18 11:35:22.733747,1794.4,78336.0,96248.0
2025-06-18 11:35:23.734333,1794.4,78400.0,96251.0
2025-06-18 11:35:24.746189,1794.4,78292.0,96344.0
2025-06-18 11:35:25.823566,1794.3,78400.0,96083.0
2025-06-18 11:35:26.324096,1794.3,78400.0,96083.0
2025-06-18 11:35:26.748920,1794.3,78518.0,96479.0
2025-06-18 11:35:27.824860,1794.3,78490.0,96370.0
2025-06-18 11:35:28.329248,1793.9,78490.0,96370.0
2025-06-18 11:35:28.825615,1793.9,78336.0,96353.0
2025-06-18 11:35:29.313278,1794.1,78336.0,96353.0
2025-06-18 11:35:29.827354,1794.1,79842.0,94624.0
2025-06-18 11:35:30.823436,1794.1,80106.0,94533.0
2025-06-18 11:35:31.824582,1794.1,80264.0,94563.0
2025-06-18 11:35:32.735487,1794.4,80468.0,94468.0
2025-06-18 11:35:33.279930,1794.4,80468.0,94468.0
2025-06-18 11:35:33.729456,1794.7,80583.0,94784.0
2025-06-18 11:35:34.282626,1794.7,80583.0,94784.0
2025-06-18 11:35:34.736311,1794.7,80386.0,95006.0
2025-06-18 11:35:35.284525,1794.7,80386.0,95006.0
2025-06-18 11:35:35.737533,1795.0,80373.0,95005.0
2025-06-18 11:35:36.284141,1795.0,80373.0,95005.0
2025-06-18 11:35:36.741187,1795.0,80372.0,94993.0
2025-06-18 11:35:37.294757,1795.0,80372.0,94993.0
2025-06-18 11:35:37.741700,1795.0,80540.0,94817.0
2025-06-18 11:35:38.738384,1795.0,80504.0,94833.0
2025-06-18 11:35:39.276016,1795.0,80504.0,94833.0
2025-06-18 11:35:39.743325,1795.0,80533.0,94810.0
2025-06-18 11:35:40.756483,1795.0,80462.0,94755.0
2025-06-18 11:35:41.746353,1795.0,80474.0,94733.0
2025-06-18 11:35:42.745897,1795.0,80223.0,94904.0
2025-06-18 11:35:43.278170,1795.0,80223.0,94904.0
2025-06-18 11:35:43.636201,1794.9,80234.0,94965.0
2025-06-18 11:35:44.277224,1794.9,80234.0,94965.0
2025-06-18 11:35:44.633452,1794.9,80230.0,95034.0
2025-06-18 11:35:45.636589,1794.9,80035.0,94930.0
2025-06-18 11:35:46.286360,1794.4,80035.0,94930.0
2025-06-18 11:35:46.750013,1794.4,80027.0,94900.0
2025-06-18 11:35:47.843500,1794.4,79979.0,94920.0
2025-06-18 11:35:48.276433,1794.8,79979.0,94920.0
2025-06-18 11:35:49.036835,1794.8,79569.0,95174.0
2025-06-18 11:35:49.283473,1794.8,79569.0,95174.0
2025-06-18 11:35:50.037990,1794.8,79514.0,95174.0
2025-06-18 11:35:50.940833,1793.8,79812.0,95028.0
2025-06-18 11:35:51.271497,1793.8,79812.0,95028.0
2025-06-18 11:35:51.940317,1793.8,79881.0,94814.0
2025-06-18 11:35:52.303198,1794.9,79881.0,94814.0
2025-06-18 11:35:52.945952,1794.9,79975.0,95147.0
2025-06-18 11:35:53.841761,1794.8,79725.0,95005.0
2025-06-18 11:35:54.271593,1794.8,79725.0,95005.0
2025-06-18 11:35:54.843383,1794.8,79522.0,95126.0
2025-06-18 11:35:55.331504,1794.3,79522.0,95126.0
2025-06-18 11:35:55.942401,1794.5,77300.0,96668.0
2025-06-18 11:35:56.277276,1794.5,77300.0,96668.0
2025-06-18 11:35:56.952900,1794.5,78451.0,96434.0
2025-06-18 11:35:58.051665,1794.2,78578.0,96994.0
2025-06-18 11:35:58.281112,1794.0,78578.0,96994.0
2025-06-18 11:35:59.149845,1794.0,78656.0,96339.0
2025-06-18 11:35:59.272425,1794.3,78656.0,96339.0
2025-06-18 11:36:00.252447,1794.3,78943.0,96320.0
2025-06-18 11:36:02.356541,1794.3,79041.0,95841.0
2025-06-18 11:36:03.276816,1793.9,79041.0,95841.0
2025-06-18 11:36:05.275643,1793.9,79041.0,95841.0
2025-06-18 11:36:09.582743,1794.2,79128.0,96283.0
2025-06-18 11:36:09.627461,1794.4,79128.0,96283.0
2025-06-18 11:36:11.276400,1794.4,79128.0,96283.0
2025-06-18 11:36:13.276921,1794.4,79128.0,96283.0
2025-06-18 11:36:13.955732,1794.4,78791.0,96100.0
2025-06-18 11:36:15.275237,1794.4,78791.0,96100.0
2025-06-18 11:36:17.276580,1794.2,78791.0,96100.0
2025-06-18 11:36:19.282036,1794.2,78791.0,96100.0
2025-06-18 11:36:19.661874,1794.3,78408.0,96116.0
2025-06-18 11:36:21.280707,1794.3,78408.0,96116.0
2025-06-18 11:36:23.278123,1794.3,78408.0,96116.0
2025-06-18 11:36:25.187306,1794.3,78704.0,95911.0
2025-06-18 11:36:27.289088,1793.6,78704.0,95911.0
2025-06-18 11:36:29.277965,1793.8,78704.0,95911.0
2025-06-18 11:36:30.564680,1794.1,78423.0,95875.0
2025-06-18 11:36:31.283733,1794.1,78423.0,95875.0
2025-06-18 11:36:33.284050,1794.0,78423.0,95875.0
2025-06-18 11:36:35.288125,1794.0,78423.0,95875.0
2025-06-18 11:36:35.963335,1794.0,78423.0,95959.0
2025-06-18 11:36:37.278118,1794.1,78423.0,95959.0
2025-06-18 11:36:39.277174,1794.0,78423.0,95959.0
2025-06-18 11:36:41.272515,1794.0,78420.0,96075.0
2025-06-18 11:36:41.284423,1794.0,78420.0,96075.0
2025-06-18 11:36:43.284940,1794.0,78420.0,96075.0
2025-06-18 11:36:45.312050,1794.1,78420.0,96075.0
2025-06-18 11:36:46.468592,1794.1,78330.0,95992.0
2025-06-18 11:36:47.280342,1794.0,78330.0,95992.0
2025-06-18 11:36:49.277816,1793.9,78330.0,95992.0
2025-06-18 11:36:51.326010,1794.1,78330.0,95992.0
2025-06-18 11:36:51.357897,1794.1,78330.0,95992.0
2025-06-18 11:36:51.870755,1794.1,78283.0,96004.0
2025-06-18 11:36:52.462414,1794.1,78283.0,96004.0
2025-06-18 11:36:53.278660,1794.0,78283.0,96004.0
2025-06-18 11:36:53.400027,1794.0,78283.0,96004.0
2025-06-18 11:36:54.352251,1794.0,78283.0,96004.0
2025-06-18 11:36:55.244137,1794.0,78283.0,96004.0
2025-06-18 11:36:56.042089,1794.0,78283.0,96004.0
2025-06-18 11:36:57.100900,1794.0,78283.0,96004.0
2025-06-18 11:36:57.278812,1794.1,78283.0,96004.0
2025-06-18 11:36:57.284218,1794.1,78285.0,96006.0
2025-06-18 11:36:57.680489,1794.1,78285.0,96006.0
2025-06-18 11:36:58.083311,1794.1,78285.0,96006.0
2025-06-18 11:36:59.278127,1794.1,78285.0,96006.0
2025-06-18 11:36:59.824620,1794.1,78285.0,96006.0
2025-06-18 11:37:01.081484,1794.1,78285.0,96006.0
2025-06-18 11:37:02.683397,1794.1,79333.0,95402.0
2025-06-18 11:37:03.312354,1794.0,79333.0,95402.0
2025-06-18 11:37:03.358742,1794.0,79333.0,95402.0
2025-06-18 11:37:04.492759,1794.0,79333.0,95402.0
2025-06-18 11:37:05.287164,1794.0,79333.0,95402.0
2025-06-18 11:37:05.699534,1794.0,79333.0,95402.0
2025-06-18 11:37:07.094287,1794.0,79333.0,95402.0
2025-06-18 11:37:07.281661,1794.1,79333.0,95402.0
2025-06-18 11:37:07.884057,1794.1,79167.0,95383.0
2025-06-18 11:37:09.280944,1794.0,79167.0,95383.0
2025-06-18 11:37:11.310798,1794.1,79167.0,95383.0
2025-06-18 11:37:12.983551,1794.1,79444.0,95083.0
2025-06-18 11:37:13.286303,1794.1,79444.0,95083.0
2025-06-18 11:37:15.282860,1794.1,79444.0,95083.0
2025-06-18 11:37:17.991715,1794.1,79559.0,95116.0
2025-06-18 11:37:19.286046,1794.3,79559.0,95116.0
2025-06-18 11:37:22.991322,1794.3,80258.0,94824.0
2025-06-18 11:37:23.326820,1794.3,80258.0,94824.0
