timestamp,ltp,bid_qty,ask_qty
2025-06-18 11:01:36.665388,1646.6,130453.0,198945.0
2025-06-18 11:01:38.017330,1646.8,131958.0,197200.0
2025-06-18 11:01:39.135860,1647.0,131958.0,197200.0
2025-06-18 11:01:42.950775,1647.0,128768.0,198910.0
2025-06-18 11:01:43.134239,1647.0,128768.0,198910.0
2025-06-18 11:01:45.160615,1646.6,128768.0,198910.0
2025-06-18 11:01:48.155375,1647.4,132285.0,199003.0
2025-06-18 11:01:49.176369,1647.4,132285.0,199003.0
2025-06-18 11:01:53.141155,1647.4,132285.0,199003.0
2025-06-18 11:01:53.851120,1647.4,132262.0,199016.0
2025-06-18 11:01:57.152109,1646.6,132262.0,199016.0
2025-06-18 11:01:59.143375,1646.6,132262.0,199016.0
2025-06-18 11:01:59.253584,1646.6,130988.0,197235.0
2025-06-18 11:02:01.144149,1646.6,130988.0,197235.0
2025-06-18 11:02:03.143695,1646.7,130988.0,197235.0
2025-06-18 11:02:05.167088,1647.3,131424.0,197957.0
2025-06-18 11:02:05.205472,1647.3,131424.0,197957.0
2025-06-18 11:02:09.140636,1646.8,131424.0,197957.0
2025-06-18 11:02:09.662772,1646.8,131656.0,197858.0
2025-06-18 11:02:11.144812,1647.3,131656.0,197858.0
2025-06-18 11:02:13.147252,1647.4,131656.0,197858.0
2025-06-18 11:02:15.174999,1647.4,132925.0,196019.0
2025-06-18 11:02:17.147851,1647.5,132925.0,196019.0
2025-06-18 11:02:19.138343,1647.1,132925.0,196019.0
2025-06-18 11:02:20.267226,1647.1,133183.0,196233.0
2025-06-18 11:02:23.145004,1647.2,133183.0,196233.0
2025-06-18 11:02:25.485726,1647.2,133497.0,195685.0
2025-06-18 11:02:27.149271,1647.3,133497.0,195685.0
2025-06-18 11:02:29.151937,1647.3,133497.0,195685.0
2025-06-18 11:02:30.487873,1647.3,133574.0,195759.0
2025-06-18 11:02:31.141754,1647.3,133574.0,195759.0
2025-06-18 11:02:33.148190,1647.2,133574.0,195759.0
2025-06-18 11:02:35.153191,1647.2,133574.0,195759.0
2025-06-18 11:02:35.878536,1647.0,133356.0,195349.0
2025-06-18 11:02:37.149658,1647.0,133356.0,195349.0
2025-06-18 11:02:41.143090,1647.3,133356.0,195349.0
2025-06-18 11:02:41.190385,1647.3,132963.0,195098.0
2025-06-18 11:02:45.146626,1647.5,132963.0,195098.0
2025-06-18 11:02:46.386842,1647.5,133064.0,195260.0
2025-06-18 11:02:47.154497,1647.0,133064.0,195260.0
2025-06-18 11:02:49.149939,1647.3,133064.0,195260.0
2025-06-18 11:02:51.230342,1647.2,133064.0,195260.0
2025-06-18 11:02:51.691468,1647.2,133471.0,194554.0
2025-06-18 11:02:56.994884,1647.2,133495.0,194698.0
2025-06-18 11:03:02.100078,1647.7,133466.0,194811.0
2025-06-18 11:03:03.146804,1647.7,133466.0,194811.0
2025-06-18 11:03:05.145379,1647.7,133466.0,194811.0
2025-06-18 11:03:07.602568,1647.7,133471.0,194652.0
2025-06-18 11:03:09.152573,1647.7,133471.0,194652.0
2025-06-18 11:03:11.152481,1647.4,133471.0,194652.0
2025-06-18 11:03:12.806148,1647.4,133161.0,194262.0
2025-06-18 11:03:15.144822,1647.3,133161.0,194262.0
2025-06-18 11:03:17.153123,1647.2,133161.0,194262.0
2025-06-18 11:03:18.005295,1647.2,133999.0,194240.0
2025-06-18 11:03:19.152764,1647.3,133999.0,194240.0
2025-06-18 11:03:21.209929,1647.8,133999.0,194240.0
2025-06-18 11:03:23.155743,1647.3,133999.0,194240.0
2025-06-18 11:03:23.308821,1647.3,133944.0,194999.0
2025-06-18 11:03:28.412924,1647.2,133445.0,194985.0
2025-06-18 11:03:29.154294,1646.8,133445.0,194985.0
2025-06-18 11:03:31.156870,1645.6,133445.0,194985.0
2025-06-18 11:03:33.151278,1645.9,133445.0,194985.0
2025-06-18 11:03:33.915158,1645.9,128885.0,199485.0
2025-06-18 11:03:35.152344,1645.4,128885.0,199485.0
2025-06-18 11:03:37.156253,1646.4,128885.0,199485.0
2025-06-18 11:03:39.152057,1646.0,128885.0,199485.0
2025-06-18 11:03:39.419830,1646.0,129780.0,197323.0
2025-06-18 11:03:41.171578,1646.0,129780.0,197323.0
2025-06-18 11:03:43.159236,1646.7,129780.0,197323.0
2025-06-18 11:03:44.519638,1646.6,131373.0,196621.0
2025-06-18 11:03:45.169126,1646.6,131373.0,196621.0
2025-06-18 11:03:46.027136,1646.6,131373.0,196621.0
2025-06-18 11:03:47.120512,1646.6,131373.0,196621.0
2025-06-18 11:03:47.176090,1646.0,131373.0,196621.0
2025-06-18 11:03:47.980763,1646.0,131373.0,196621.0
2025-06-18 11:03:48.900562,1646.0,131373.0,196621.0
2025-06-18 11:03:49.168954,1646.0,131373.0,196621.0
2025-06-18 11:03:49.221713,1646.0,132441.0,196921.0
2025-06-18 11:03:49.746632,1646.0,132441.0,196921.0
2025-06-18 11:03:50.555745,1646.0,132441.0,196921.0
2025-06-18 11:03:51.170750,1646.0,132441.0,196921.0
2025-06-18 11:03:51.595715,1646.0,132441.0,196921.0
2025-06-18 11:03:52.205861,1646.0,132441.0,196921.0
2025-06-18 11:03:53.074039,1646.0,132441.0,196921.0
2025-06-18 11:03:54.027430,1646.0,129648.0,198397.0
2025-06-18 11:03:54.476225,1646.0,129648.0,198397.0
2025-06-18 11:03:55.172193,1646.0,129648.0,198397.0
2025-06-18 11:03:55.724635,1646.0,129648.0,198397.0
2025-06-18 11:03:56.582715,1646.0,129648.0,198397.0
2025-06-18 11:04:00.508563,1646.0,129648.0,198397.0
2025-06-18 11:04:00.513896,1646.0,129406.0,198380.0
2025-06-18 11:04:00.540813,1646.0,129406.0,198380.0
2025-06-18 11:04:00.552004,1646.0,129406.0,198380.0
2025-06-18 11:04:01.181715,1645.2,129406.0,198380.0
2025-06-18 11:04:01.833700,1645.2,129550.0,197522.0
2025-06-18 11:04:01.922234,1645.2,129550.0,197522.0
2025-06-18 11:04:02.731695,1645.2,129550.0,197375.0
2025-06-18 11:04:03.204709,1645.0,129550.0,197375.0
2025-06-18 11:04:03.832425,1644.7,127838.0,199671.0
2025-06-18 11:04:04.162620,1645.3,127838.0,199671.0
2025-06-18 11:04:04.833927,1645.2,129712.0,198275.0
2025-06-18 11:04:05.195958,1645.2,129712.0,198275.0
2025-06-18 11:04:05.833549,1644.7,128649.0,197987.0
2025-06-18 11:04:06.160018,1645.0,128649.0,197987.0
2025-06-18 11:04:06.734144,1645.0,128924.0,197955.0
2025-06-18 11:04:07.172033,1645.0,128924.0,197955.0
2025-06-18 11:04:07.732016,1645.0,128530.0,197943.0
2025-06-18 11:04:08.165593,1645.0,128530.0,197943.0
2025-06-18 11:04:08.849628,1644.8,128895.0,198187.0
2025-06-18 11:04:09.153275,1644.8,128895.0,198187.0
2025-06-18 11:04:09.940145,1644.8,128974.0,198155.0
2025-06-18 11:04:10.164419,1644.8,128974.0,198155.0
2025-06-18 11:04:10.941932,1644.8,128810.0,198430.0
2025-06-18 11:04:12.038069,1645.2,128928.0,198428.0
2025-06-18 11:04:12.160316,1645.2,128928.0,198428.0
2025-06-18 11:04:13.146536,1645.2,128929.0,198407.0
2025-06-18 11:04:13.154118,1645.2,128929.0,198407.0
2025-06-18 11:04:14.155727,1644.9,128929.0,198407.0
2025-06-18 11:04:14.239855,1644.9,128904.0,197236.0
2025-06-18 11:04:15.341053,1644.9,128349.0,197454.0
2025-06-18 11:04:16.341089,1644.9,128599.0,197633.0
2025-06-18 11:04:17.155190,1645.5,128599.0,197633.0
2025-06-18 11:04:17.243861,1645.5,128637.0,197809.0
2025-06-18 11:04:18.240947,1645.5,128686.0,197830.0
2025-06-18 11:04:19.246453,1645.5,128688.0,197812.0
2025-06-18 11:04:20.153948,1644.8,128688.0,197812.0
2025-06-18 11:04:20.353473,1645.0,129386.0,196825.0
2025-06-18 11:04:21.170474,1645.0,129386.0,196825.0
2025-06-18 11:04:21.457679,1645.0,128914.0,198295.0
2025-06-18 11:04:22.161147,1645.0,128914.0,198295.0
2025-06-18 11:04:22.462925,1645.0,128914.0,198322.0
2025-06-18 11:04:23.558924,1645.0,128886.0,198301.0
2025-06-18 11:04:24.662911,1645.0,128576.0,198671.0
2025-06-18 11:04:25.158042,1645.0,128576.0,198671.0
2025-06-18 11:04:25.757225,1645.0,129158.0,198298.0
2025-06-18 11:04:26.860444,1645.0,129147.0,198494.0
2025-06-18 11:04:27.968503,1645.3,129147.0,198504.0
2025-06-18 11:04:28.152962,1645.3,129147.0,198504.0
2025-06-18 11:04:28.859376,1645.3,129017.0,198569.0
2025-06-18 11:04:29.154447,1645.3,129017.0,198569.0
2025-06-18 11:04:29.861367,1645.3,129019.0,198599.0
2025-06-18 11:04:30.151879,1644.7,129019.0,198599.0
2025-06-18 11:04:30.862837,1644.6,130287.0,197833.0
2025-06-18 11:04:31.154476,1644.7,130287.0,197833.0
2025-06-18 11:04:31.971679,1644.6,130274.0,198552.0
2025-06-18 11:04:32.154496,1644.6,130274.0,198552.0
2025-06-18 11:04:33.033069,1644.6,130274.0,198459.0
2025-06-18 11:04:33.977614,1644.5,130950.0,198512.0
2025-06-18 11:04:34.194285,1644.5,130950.0,198512.0
2025-06-18 11:04:35.066293,1644.5,130284.0,198452.0
2025-06-18 11:04:35.163459,1644.5,130284.0,198452.0
2025-06-18 11:04:36.174532,1644.5,130285.0,198197.0
2025-06-18 11:04:37.166049,1644.5,130285.0,198197.0
2025-06-18 11:04:37.265826,1644.5,120955.0,198892.0
2025-06-18 11:04:38.265457,1644.5,124276.0,199046.0
2025-06-18 11:04:39.475865,1644.5,127354.0,198830.0
2025-06-18 11:04:40.158389,1644.5,127354.0,198830.0
2025-06-18 11:04:40.367377,1644.5,127991.0,198418.0
2025-06-18 11:04:41.150156,1644.9,127991.0,198418.0
2025-06-18 11:04:41.481582,1644.9,127199.0,198274.0
2025-06-18 11:04:42.157964,1644.4,127199.0,198274.0
2025-06-18 11:04:42.566863,1644.4,127256.0,198861.0
2025-06-18 11:04:43.670429,1644.4,127608.0,198706.0
2025-06-18 11:04:45.197694,1644.9,127608.0,198706.0
2025-06-18 11:04:45.366768,1644.9,128085.0,198484.0
2025-06-18 11:04:46.369248,1644.9,128054.0,198314.0
2025-06-18 11:04:47.369720,1644.9,127641.0,198070.0
2025-06-18 11:04:48.283668,1644.9,127589.0,198082.0
2025-06-18 11:04:49.871957,1644.9,127585.0,198067.0
2025-06-18 11:04:50.168760,1644.6,127585.0,198067.0
2025-06-18 11:04:50.982404,1644.6,127592.0,197882.0
2025-06-18 11:04:52.055835,1644.6,127563.0,198104.0
2025-06-18 11:04:53.006589,1645.2,127348.0,198190.0
2025-06-18 11:04:53.153407,1645.2,127348.0,198190.0
2025-06-18 11:04:55.073937,1645.2,127369.0,198195.0
2025-06-18 11:04:56.076151,1645.2,127371.0,198404.0
2025-06-18 11:04:57.215751,1645.2,127388.0,198430.0
2025-06-18 11:04:58.175003,1645.2,127388.0,198430.0
2025-06-18 11:04:58.285297,1645.2,127619.0,198185.0
2025-06-18 11:04:59.377020,1645.2,127669.0,198170.0
2025-06-18 11:05:00.157050,1644.7,127669.0,198170.0
2025-06-18 11:05:00.490459,1644.7,128079.0,198119.0
2025-06-18 11:05:01.172090,1644.7,128079.0,198119.0
2025-06-18 11:05:05.174394,1645.0,127898.0,198819.0
2025-06-18 11:05:05.207289,1645.0,127898.0,198819.0
2025-06-18 11:05:09.082354,1645.0,127457.0,198837.0
2025-06-18 11:05:09.190757,1645.0,127457.0,198837.0
2025-06-18 11:05:11.161031,1644.5,127457.0,198837.0
2025-06-18 11:05:13.160622,1644.4,127457.0,198837.0
2025-06-18 11:05:14.492717,1644.4,126988.0,199533.0
2025-06-18 11:05:15.162632,1644.4,126988.0,199533.0
2025-06-18 11:05:17.168840,1644.5,126988.0,199533.0
2025-06-18 11:05:19.999002,1644.5,127456.0,198792.0
2025-06-18 11:05:21.186585,1645.2,127456.0,198792.0
2025-06-18 11:05:24.892062,1645.1,127248.0,198864.0
2025-06-18 11:05:25.156593,1645.1,127248.0,198864.0
2025-06-18 11:05:27.174016,1645.1,127248.0,198864.0
2025-06-18 11:05:29.170367,1645.1,127248.0,198864.0
2025-06-18 11:05:29.695911,1645.1,127180.0,198717.0
2025-06-18 11:05:31.166313,1644.9,127180.0,198717.0
2025-06-18 11:05:33.206086,1644.2,127180.0,198717.0
2025-06-18 11:05:35.175427,1644.2,127553.0,199818.0
2025-06-18 11:05:35.212173,1644.5,127553.0,199818.0
2025-06-18 11:05:37.172657,1644.0,127553.0,199818.0
2025-06-18 11:05:39.277881,1644.5,127553.0,199818.0
2025-06-18 11:05:40.401020,1644.0,125040.0,200443.0
2025-06-18 11:05:41.167261,1644.0,125040.0,200443.0
2025-06-18 11:05:43.172823,1644.4,125040.0,200443.0
2025-06-18 11:05:45.305535,1644.4,126785.0,199913.0
2025-06-18 11:05:47.190304,1644.0,126785.0,199913.0
2025-06-18 11:05:49.171718,1644.3,126785.0,199913.0
2025-06-18 11:05:50.406932,1643.9,126542.0,199805.0
2025-06-18 11:05:51.174325,1643.9,126542.0,199805.0
2025-06-18 11:05:53.162578,1644.0,126542.0,199805.0
2025-06-18 11:05:55.166034,1643.9,126542.0,199805.0
2025-06-18 11:05:55.612755,1643.9,126956.0,199673.0
2025-06-18 11:05:57.190448,1644.4,126956.0,199673.0
2025-06-18 11:05:59.168180,1644.1,126956.0,199673.0
2025-06-18 11:06:00.514534,1643.9,127107.0,199870.0
2025-06-18 11:06:01.167139,1643.9,127107.0,199870.0
2025-06-18 11:06:05.215783,1643.9,127230.0,199849.0
2025-06-18 11:06:07.168605,1644.2,127230.0,199849.0
2025-06-18 11:06:09.168991,1644.4,127230.0,199849.0
2025-06-18 11:06:10.019645,1644.4,128690.0,198183.0
2025-06-18 11:06:11.208043,1644.1,128690.0,198183.0
2025-06-18 11:06:13.191435,1644.1,128690.0,198183.0
2025-06-18 11:06:15.121180,1643.9,128909.0,198373.0
2025-06-18 11:06:15.168359,1643.9,128909.0,198373.0
2025-06-18 11:06:19.163285,1643.9,128909.0,198373.0
2025-06-18 11:06:20.123383,1643.9,127515.0,200034.0
2025-06-18 11:06:21.161754,1643.9,127515.0,200034.0
2025-06-18 11:06:25.126328,1643.9,128715.0,200053.0
2025-06-18 11:06:29.830542,1644.5,129881.0,199106.0
2025-06-18 11:06:31.193410,1644.0,129881.0,199106.0
2025-06-18 11:06:33.169164,1644.0,129881.0,199106.0
2025-06-18 11:06:34.536818,1644.0,129716.0,199063.0
2025-06-18 11:06:37.167264,1644.6,129716.0,199063.0
2025-06-18 11:06:39.169796,1644.0,129716.0,199063.0
2025-06-18 11:06:39.445539,1644.0,130425.0,199259.0
2025-06-18 11:06:41.166235,1644.6,130425.0,199259.0
2025-06-18 11:06:43.170101,1644.6,130425.0,199259.0
2025-06-18 11:06:44.756348,1644.6,130937.0,198744.0
2025-06-18 11:06:46.760220,1644.6,130937.0,198744.0
2025-06-18 11:06:47.177800,1644.2,130937.0,198744.0
2025-06-18 11:06:47.621016,1644.2,130937.0,198744.0
2025-06-18 11:06:48.554857,1644.2,130937.0,198744.0
2025-06-18 11:06:49.760421,1644.6,130937.0,198744.0
2025-06-18 11:06:49.768645,1644.6,130937.0,198744.0
2025-06-18 11:06:49.806634,1644.6,130968.0,199292.0
2025-06-18 11:06:50.286871,1644.6,130968.0,199292.0
2025-06-18 11:06:51.055485,1644.6,130968.0,199292.0
2025-06-18 11:06:51.159841,1644.2,130968.0,199292.0
2025-06-18 11:06:52.046090,1644.2,130968.0,199292.0
2025-06-18 11:06:53.517170,1644.2,130968.0,199292.0
2025-06-18 11:06:54.446222,1644.2,132222.0,198920.0
2025-06-18 11:06:54.761203,1644.2,132222.0,198920.0
2025-06-18 11:06:55.173470,1644.0,132222.0,198920.0
2025-06-18 11:06:56.266726,1644.0,132222.0,198920.0
2025-06-18 11:06:57.105534,1644.0,132222.0,198920.0
2025-06-18 11:06:57.162257,1644.5,132222.0,198920.0
2025-06-18 11:06:58.541997,1644.5,132222.0,198920.0
2025-06-18 11:06:59.163102,1644.5,132222.0,198920.0
2025-06-18 11:06:59.348430,1644.5,130751.0,199854.0
2025-06-18 11:06:59.692341,1644.5,130751.0,199854.0
2025-06-18 11:07:00.830139,1644.5,130751.0,199854.0
2025-06-18 11:07:01.164268,1644.0,130751.0,199854.0
2025-06-18 11:07:02.289112,1644.0,130751.0,199854.0
2025-06-18 11:07:03.165153,1644.0,130751.0,199854.0
2025-06-18 11:07:05.088759,1644.0,131625.0,199220.0
2025-06-18 11:07:05.176456,1643.9,131625.0,199220.0
2025-06-18 11:07:07.163050,1643.8,131625.0,199220.0
2025-06-18 11:07:10.535420,1643.9,130745.0,199971.0
2025-06-18 11:07:10.579789,1643.9,130745.0,199971.0
2025-06-18 11:07:13.178777,1643.9,130745.0,199971.0
2025-06-18 11:07:15.163215,1643.6,130600.0,199993.0
2025-06-18 11:07:16.178243,1644.0,130600.0,199993.0
2025-06-18 11:07:20.460605,1643.6,130801.0,200065.0
2025-06-18 11:07:22.233858,1643.6,130801.0,200065.0
2025-06-18 11:07:25.361392,1643.6,131635.0,199765.0
2025-06-18 11:07:27.176867,1644.0,131635.0,199765.0
2025-06-18 11:07:29.180742,1643.6,131635.0,199765.0
2025-06-18 11:07:30.263159,1643.6,130787.0,199645.0
2025-06-18 11:07:31.178284,1644.5,130787.0,199645.0
2025-06-18 11:07:35.264607,1644.5,130377.0,199174.0
2025-06-18 11:07:37.175676,1644.5,130377.0,199174.0
2025-06-18 11:07:39.209887,1644.5,130377.0,199174.0
2025-06-18 11:07:40.269737,1644.0,130167.0,199815.0
2025-06-18 11:07:41.173643,1643.5,130167.0,199815.0
2025-06-18 11:07:45.174109,1643.6,130167.0,199815.0
2025-06-18 11:07:45.685983,1643.6,129700.0,199153.0
2025-06-18 11:07:50.774821,1643.6,129680.0,199598.0
2025-06-18 11:07:52.182476,1643.6,129680.0,199598.0
2025-06-18 11:07:55.168212,1643.6,129680.0,199598.0
2025-06-18 11:07:55.777285,1643.6,129727.0,199650.0
2025-06-18 11:07:58.191066,1644.4,129727.0,199650.0
2025-06-18 11:08:00.438968,1643.6,129727.0,199650.0
2025-06-18 11:08:00.877226,1644.4,129719.0,199404.0
2025-06-18 11:08:02.199549,1644.4,129719.0,199404.0
2025-06-18 11:08:04.186803,1643.6,129719.0,199404.0
2025-06-18 11:08:06.178031,1644.3,129719.0,199404.0
2025-06-18 11:08:06.185599,1644.3,129719.0,200390.0
2025-06-18 11:08:10.200823,1643.6,129719.0,200390.0
2025-06-18 11:08:12.209209,1643.7,130168.0,200441.0
2025-06-18 11:08:12.256182,1643.7,130168.0,200441.0
2025-06-18 11:08:16.200569,1643.7,130168.0,200441.0
2025-06-18 11:08:20.438281,1643.7,130571.0,200188.0
2025-06-18 11:08:20.568086,1644.4,130571.0,200188.0
2025-06-18 11:08:21.897094,1644.4,130842.0,199870.0
2025-06-18 11:08:22.176441,1644.4,130842.0,199870.0
2025-06-18 11:08:25.172488,1643.7,130842.0,199870.0
2025-06-18 11:08:27.603384,1644.4,130857.0,199796.0
2025-06-18 11:08:28.178103,1644.4,130857.0,199796.0
2025-06-18 11:08:30.175510,1643.7,130857.0,199796.0
2025-06-18 11:08:33.107163,1643.7,130874.0,199714.0
2025-06-18 11:08:34.176841,1644.6,130874.0,199714.0
2025-06-18 11:08:38.178323,1644.6,130874.0,199714.0
2025-06-18 11:08:38.409169,1644.6,131270.0,199239.0
2025-06-18 11:08:40.191177,1644.0,131270.0,199239.0
2025-06-18 11:08:42.184426,1644.0,131270.0,199239.0
2025-06-18 11:08:43.611399,1644.0,131555.0,198886.0
2025-06-18 11:08:48.174888,1644.7,131555.0,198886.0
2025-06-18 11:08:48.910859,1644.7,131026.0,199229.0
2025-06-18 11:08:50.172429,1644.1,131026.0,199229.0
2025-06-18 11:08:54.121374,1644.7,132123.0,199003.0
2025-06-18 11:08:54.179890,1644.7,132123.0,199003.0
2025-06-18 11:08:58.175391,1644.7,132123.0,199003.0
2025-06-18 11:08:59.217274,1644.7,131675.0,199456.0
2025-06-18 11:09:00.173426,1644.1,131675.0,199456.0
2025-06-18 11:09:02.211878,1644.3,131675.0,199456.0
2025-06-18 11:09:04.038902,1644.7,133382.0,199429.0
2025-06-18 11:09:04.188237,1644.7,133382.0,199429.0
2025-06-18 11:09:06.176182,1644.7,133382.0,199429.0
2025-06-18 11:09:09.122630,1644.7,133412.0,199253.0
2025-06-18 11:09:10.181713,1644.1,133412.0,199253.0
2025-06-18 11:09:14.826293,1644.1,133675.0,198963.0
2025-06-18 11:09:16.173024,1644.9,133675.0,198963.0
2025-06-18 11:09:20.198738,1644.7,133675.0,198963.0
2025-06-18 11:09:20.525823,1644.7,134036.0,198729.0
2025-06-18 11:09:22.169908,1644.7,134036.0,198729.0
2025-06-18 11:09:24.176384,1644.7,134036.0,198729.0
2025-06-18 11:09:25.831538,1644.7,133409.0,199121.0
2025-06-18 11:09:26.182192,1644.7,133409.0,199121.0
2025-06-18 11:09:30.182257,1644.1,133409.0,199121.0
2025-06-18 11:09:31.134923,1644.1,134112.0,199324.0
2025-06-18 11:09:32.183450,1644.0,134112.0,199324.0
2025-06-18 11:09:34.178047,1644.1,134112.0,199324.0
2025-06-18 11:09:36.176921,1644.0,134112.0,199324.0
2025-06-18 11:09:36.438862,1644.0,133606.0,199203.0
2025-06-18 11:09:40.173429,1644.1,133606.0,199203.0
2025-06-18 11:09:41.739444,1644.1,134772.0,198945.0
2025-06-18 11:09:44.206644,1644.1,134772.0,198945.0
2025-06-18 11:09:46.255598,1644.6,134772.0,198945.0
2025-06-18 11:09:47.043089,1644.6,134969.0,199013.0
2025-06-18 11:09:47.139836,1644.6,134969.0,199013.0
2025-06-18 11:09:48.225979,1644.6,134969.0,199013.0
2025-06-18 11:09:49.103832,1644.6,134969.0,199013.0
2025-06-18 11:09:50.022335,1644.6,134969.0,199013.0
2025-06-18 11:09:50.173356,1644.2,134969.0,199013.0
2025-06-18 11:09:50.900691,1644.2,134969.0,199013.0
2025-06-18 11:09:51.639731,1644.2,134969.0,199013.0
2025-06-18 11:09:52.177433,1644.2,134969.0,199013.0
2025-06-18 11:09:52.344742,1644.2,135401.0,199135.0
2025-06-18 11:09:52.640702,1644.2,135401.0,199135.0
2025-06-18 11:09:53.225685,1644.2,135401.0,199135.0
2025-06-18 11:09:54.094138,1644.2,135401.0,199135.0
2025-06-18 11:09:54.214708,1644.2,135401.0,199135.0
2025-06-18 11:09:54.463158,1644.2,135401.0,199135.0
2025-06-18 11:09:55.345376,1644.2,135401.0,199135.0
2025-06-18 11:09:56.176839,1644.9,135401.0,199135.0
2025-06-18 11:09:56.595994,1644.9,135401.0,199135.0
2025-06-18 11:09:57.569801,1644.9,135401.0,199135.0
2025-06-18 11:09:57.653425,1644.9,135818.0,199066.0
2025-06-18 11:09:58.974015,1644.9,135818.0,199066.0
2025-06-18 11:10:00.120958,1644.9,135818.0,199066.0
2025-06-18 11:10:00.175714,1644.3,135818.0,199066.0
2025-06-18 11:10:01.250268,1644.3,135818.0,199066.0
2025-06-18 11:10:02.177823,1644.2,135818.0,199066.0
2025-06-18 11:10:02.653822,1644.2,136073.0,199107.0
2025-06-18 11:10:02.722986,1644.2,136073.0,199107.0
2025-06-18 11:10:04.174368,1644.0,136073.0,199107.0
2025-06-18 11:10:06.179454,1644.2,136073.0,199107.0
2025-06-18 11:10:07.657895,1644.9,136408.0,198476.0
2025-06-18 11:10:10.189534,1644.2,136408.0,198476.0
2025-06-18 11:10:12.178286,1644.0,136408.0,198476.0
2025-06-18 11:10:13.253920,1644.0,136040.0,199265.0
2025-06-18 11:10:14.185272,1644.2,136040.0,199265.0
2025-06-18 11:10:16.179210,1644.0,136040.0,199265.0
2025-06-18 11:10:18.560863,1644.0,136263.0,198206.0
2025-06-18 11:10:20.177460,1644.2,136263.0,198206.0
2025-06-18 11:10:23.665559,1644.2,136867.0,198065.0
2025-06-18 11:10:24.186958,1644.2,136867.0,198065.0
2025-06-18 11:10:29.260957,1645.0,137495.0,197016.0
2025-06-18 11:10:30.178557,1644.7,137495.0,197016.0
2025-06-18 11:10:33.179345,1644.7,137495.0,197016.0
2025-06-18 11:10:34.674480,1643.6,131348.0,201611.0
2025-06-18 11:10:36.176529,1644.2,131348.0,201611.0
2025-06-18 11:10:38.179953,1644.1,131348.0,201611.0
2025-06-18 11:10:40.177432,1643.6,131348.0,201611.0
2025-06-18 11:10:40.269213,1643.6,131380.0,201390.0
2025-06-18 11:10:42.182905,1644.0,131380.0,201390.0
2025-06-18 11:10:44.177799,1643.5,131380.0,201390.0
2025-06-18 11:10:45.676915,1643.5,131841.0,200489.0
2025-06-18 11:10:48.210275,1644.0,131841.0,200489.0
2025-06-18 11:10:50.181696,1643.5,131841.0,200489.0
2025-06-18 11:10:50.777702,1643.5,131566.0,201212.0
2025-06-18 11:10:52.181632,1643.5,131566.0,201212.0
2025-06-18 11:10:54.187871,1643.5,131566.0,201212.0
2025-06-18 11:10:55.981107,1643.5,132019.0,201210.0
2025-06-18 11:10:56.176723,1643.5,132019.0,201210.0
2025-06-18 11:10:58.179232,1644.0,132019.0,201210.0
2025-06-18 11:11:00.175890,1643.9,132019.0,201210.0
2025-06-18 11:11:01.192214,1643.9,131950.0,201312.0
2025-06-18 11:11:02.204871,1643.9,131950.0,201312.0
2025-06-18 11:11:04.177221,1643.6,131950.0,201312.0
2025-06-18 11:11:06.182116,1643.5,131950.0,201312.0
2025-06-18 11:11:06.592855,1643.6,131986.0,201770.0
2025-06-18 11:11:08.188267,1643.5,131986.0,201770.0
2025-06-18 11:11:10.179149,1643.5,131986.0,201770.0
2025-06-18 11:11:12.033169,1643.5,130551.0,201849.0
2025-06-18 11:11:12.183450,1643.5,130551.0,201849.0
2025-06-18 11:11:16.176872,1643.8,130551.0,201849.0
2025-06-18 11:11:17.397420,1643.8,128973.0,201350.0
2025-06-18 11:11:18.193899,1643.8,128973.0,201350.0
2025-06-18 11:11:20.185882,1643.2,128973.0,201350.0
2025-06-18 11:11:22.187135,1643.2,128973.0,201350.0
2025-06-18 11:11:22.527304,1643.2,127809.0,202574.0
2025-06-18 11:11:24.181521,1643.0,127809.0,202574.0
2025-06-18 11:11:26.187229,1643.0,127809.0,202574.0
2025-06-18 11:11:27.603239,1643.0,128038.0,201823.0
2025-06-18 11:11:28.200645,1643.0,128038.0,201823.0
2025-06-18 11:11:30.180320,1643.0,128038.0,201823.0
2025-06-18 11:11:32.189771,1643.0,128038.0,201823.0
2025-06-18 11:11:32.808051,1643.0,128293.0,201072.0
2025-06-18 11:11:34.181919,1643.1,128293.0,201072.0
2025-06-18 11:11:37.709417,1643.4,129022.0,201034.0
2025-06-18 11:11:38.190490,1643.4,129022.0,201034.0
2025-06-18 11:11:40.179986,1643.1,129022.0,201034.0
2025-06-18 11:11:42.191157,1643.1,129022.0,201034.0
2025-06-18 11:11:42.811978,1643.1,129228.0,201413.0
2025-06-18 11:11:46.180225,1643.1,129228.0,201413.0
2025-06-18 11:11:47.814693,1643.6,129298.0,201670.0
2025-06-18 11:11:48.205443,1643.6,129298.0,201670.0
2025-06-18 11:11:50.197094,1643.1,129298.0,201670.0
2025-06-18 11:11:52.221218,1643.1,129298.0,201670.0
2025-06-18 11:11:52.918994,1643.1,129166.0,201805.0
2025-06-18 11:11:54.204315,1643.1,129166.0,201805.0
2025-06-18 11:11:56.196843,1643.1,129166.0,201805.0
2025-06-18 11:11:58.034822,1643.6,128883.0,201810.0
2025-06-18 11:11:58.423638,1643.6,128883.0,201810.0
2025-06-18 11:12:00.182604,1643.1,128883.0,201810.0
2025-06-18 11:12:02.335513,1643.1,128883.0,201810.0
2025-06-18 11:12:02.732591,1643.1,128971.0,202339.0
2025-06-18 11:12:04.184345,1643.6,128971.0,202339.0
2025-06-18 11:12:07.429182,1643.6,130865.0,200002.0
2025-06-18 11:12:08.184166,1643.6,130865.0,200002.0
2025-06-18 11:12:10.191948,1643.2,130865.0,200002.0
2025-06-18 11:12:12.199754,1643.6,130865.0,200002.0
2025-06-18 11:12:12.546619,1643.6,130288.0,199537.0
2025-06-18 11:12:14.185969,1644.0,130288.0,199537.0
2025-06-18 11:12:16.184026,1643.4,130288.0,199537.0
2025-06-18 11:12:17.844579,1643.4,129722.0,200046.0
2025-06-18 11:12:20.180197,1643.3,129722.0,200046.0
2025-06-18 11:12:22.946405,1643.8,130237.0,199722.0
2025-06-18 11:12:24.187495,1643.8,130237.0,199722.0
2025-06-18 11:12:27.847559,1643.4,130023.0,199821.0
2025-06-18 11:12:28.182266,1643.4,130023.0,199821.0
2025-06-18 11:12:30.192860,1643.4,130023.0,199821.0
2025-06-18 11:12:33.052770,1643.4,130006.0,200285.0
2025-06-18 11:12:36.204980,1643.1,130006.0,200285.0
2025-06-18 11:12:38.189420,1643.3,130006.0,200285.0
2025-06-18 11:12:38.356338,1643.3,130395.0,199421.0
2025-06-18 11:12:40.185818,1643.1,130395.0,199421.0
2025-06-18 11:12:42.184326,1643.1,130395.0,199421.0
2025-06-18 11:12:43.462071,1643.2,130259.0,199978.0
2025-06-18 11:12:44.183590,1643.2,130259.0,199978.0
2025-06-18 11:12:47.564778,1643.2,130259.0,199978.0
2025-06-18 11:12:48.185714,1643.2,130259.0,199978.0
2025-06-18 11:12:48.362649,1643.2,130202.0,200145.0
2025-06-18 11:12:48.629157,1643.2,130202.0,200145.0
2025-06-18 11:12:49.535831,1643.2,130202.0,200145.0
2025-06-18 11:12:50.188279,1643.1,130202.0,200145.0
2025-06-18 11:12:50.455055,1643.1,130202.0,200145.0
2025-06-18 11:12:51.316469,1643.1,130202.0,200145.0
2025-06-18 11:12:52.103599,1643.1,130202.0,200145.0
2025-06-18 11:12:52.184691,1643.2,130202.0,200145.0
2025-06-18 11:12:53.073896,1643.2,130202.0,200145.0
2025-06-18 11:12:53.970792,1643.2,130556.0,200105.0
2025-06-18 11:12:54.046342,1643.2,130556.0,200105.0
2025-06-18 11:12:55.805290,1643.2,130556.0,200105.0
2025-06-18 11:12:56.186373,1643.1,130556.0,200105.0
2025-06-18 11:12:57.014896,1643.1,130556.0,200105.0
2025-06-18 11:12:57.884195,1643.1,130556.0,200105.0
2025-06-18 11:12:58.190614,1643.1,130556.0,200105.0
2025-06-18 11:12:59.290023,1643.1,130556.0,200105.0
2025-06-18 11:12:59.570730,1643.1,130595.0,200271.0
2025-06-18 11:13:00.194736,1643.1,130595.0,200271.0
2025-06-18 11:13:00.403052,1643.1,130595.0,200271.0
2025-06-18 11:13:01.576413,1643.1,130595.0,200271.0
2025-06-18 11:13:02.184549,1643.1,130595.0,200271.0
2025-06-18 11:13:03.037127,1643.1,130595.0,200271.0
2025-06-18 11:13:04.189157,1643.2,130595.0,200271.0
2025-06-18 11:13:04.477932,1643.2,130043.0,200787.0
2025-06-18 11:13:06.186542,1643.2,130043.0,200787.0
2025-06-18 11:13:08.185407,1643.1,130043.0,200787.0
2025-06-18 11:13:09.379475,1643.1,131009.0,200712.0
2025-06-18 11:13:10.185879,1643.1,131009.0,200712.0
2025-06-18 11:13:12.189331,1643.4,131009.0,200712.0
2025-06-18 11:13:14.184738,1643.4,131632.0,199415.0
2025-06-18 11:13:16.192108,1643.7,131632.0,199415.0
2025-06-18 11:13:19.083082,1643.2,131906.0,199902.0
2025-06-18 11:13:20.189073,1643.2,131906.0,199902.0
2025-06-18 11:13:22.192263,1643.8,131906.0,199902.0
2025-06-18 11:13:23.988079,1643.8,131969.0,199491.0
2025-06-18 11:13:26.189083,1643.4,131969.0,199491.0
2025-06-18 11:13:28.186574,1643.4,131969.0,199491.0
2025-06-18 11:13:28.990965,1643.4,132283.0,200338.0
2025-06-18 11:13:30.192357,1643.2,132283.0,200338.0
2025-06-18 11:13:32.187435,1643.2,132283.0,200338.0
2025-06-18 11:13:33.890726,1643.5,131094.0,200844.0
2025-06-18 11:13:34.192130,1643.5,131094.0,200844.0
2025-06-18 11:13:36.189805,1643.0,131094.0,200844.0
2025-06-18 11:13:38.188195,1643.0,131094.0,200844.0
2025-06-18 11:13:39.094194,1643.0,132449.0,200680.0
2025-06-18 11:13:40.193623,1642.8,132449.0,200680.0
2025-06-18 11:13:42.190616,1642.6,132449.0,200680.0
2025-06-18 11:13:44.194821,1643.0,132449.0,200680.0
2025-06-18 11:13:44.299562,1643.0,131693.0,201655.0
2025-06-18 11:13:46.193774,1642.7,131693.0,201655.0
2025-06-18 11:13:48.190395,1643.0,131693.0,201655.0
2025-06-18 11:13:49.205420,1643.0,132450.0,201502.0
2025-06-18 11:13:50.201332,1643.0,132450.0,201502.0
2025-06-18 11:13:52.192073,1643.0,132450.0,201502.0
2025-06-18 11:13:54.003483,1642.8,131922.0,201106.0
2025-06-18 11:13:54.192933,1642.8,131922.0,201106.0
2025-06-18 11:13:56.191707,1643.0,131922.0,201106.0
2025-06-18 11:13:58.189583,1643.0,131922.0,201106.0
2025-06-18 11:13:59.507082,1643.0,132741.0,201300.0
2025-06-18 11:14:00.192235,1642.7,132741.0,201300.0
2025-06-18 11:14:04.307419,1642.7,132731.0,201630.0
2025-06-18 11:14:06.190908,1642.7,132731.0,201630.0
2025-06-18 11:14:09.312485,1642.7,131621.0,201457.0
2025-06-18 11:14:10.192312,1642.7,131621.0,201457.0
2025-06-18 11:14:14.194717,1643.0,131621.0,201457.0
2025-06-18 11:14:14.413257,1643.0,133418.0,199928.0
2025-06-18 11:14:18.195492,1642.7,133418.0,199928.0
2025-06-18 11:14:19.419330,1642.7,133764.0,200187.0
2025-06-18 11:14:20.191246,1642.7,133764.0,200187.0
2025-06-18 11:14:24.120664,1642.7,133764.0,200159.0
2025-06-18 11:14:28.193621,1642.8,133764.0,200159.0
2025-06-18 11:14:29.425272,1643.0,134693.0,196091.0
2025-06-18 11:14:30.193727,1643.3,134693.0,196091.0
2025-06-18 11:14:34.201508,1643.2,134693.0,196091.0
2025-06-18 11:14:34.732163,1643.2,134576.0,196761.0
2025-06-18 11:14:39.830373,1643.2,134313.0,196828.0
2025-06-18 11:14:40.193287,1643.2,134313.0,196828.0
2025-06-18 11:14:44.191557,1643.0,134313.0,196828.0
2025-06-18 11:14:44.936259,1643.0,133017.0,198818.0
2025-06-18 11:14:48.197486,1643.0,133017.0,198818.0
2025-06-18 11:14:50.194078,1643.0,133017.0,198818.0
2025-06-18 11:14:50.551341,1643.0,133537.0,199195.0
2025-06-18 11:14:52.215354,1643.0,133537.0,199195.0
2025-06-18 11:14:54.192549,1643.0,133537.0,199195.0
2025-06-18 11:14:56.055221,1643.0,133164.0,199330.0
2025-06-18 11:14:58.213174,1643.0,133164.0,199330.0
2025-06-18 11:15:00.193378,1642.9,133164.0,199330.0
2025-06-18 11:15:01.350187,1642.9,131876.0,199471.0
2025-06-18 11:15:04.196505,1643.0,131876.0,199471.0
2025-06-18 11:15:06.957263,1643.0,131876.0,199471.0
2025-06-18 11:15:06.964646,1643.0,131913.0,198973.0
2025-06-18 11:15:10.513229,1643.0,131913.0,198973.0
2025-06-18 11:15:11.858645,1643.0,133294.0,197786.0
2025-06-18 11:15:12.197634,1643.0,133294.0,197786.0
2025-06-18 11:15:16.868265,1643.0,132372.0,198487.0
2025-06-18 11:15:18.199317,1643.1,132372.0,198487.0
2025-06-18 11:15:20.199558,1642.9,132372.0,198487.0
2025-06-18 11:15:21.762418,1642.9,133087.0,198895.0
2025-06-18 11:15:22.197719,1642.8,133087.0,198895.0
2025-06-18 11:15:24.199534,1642.9,133087.0,198895.0
2025-06-18 11:15:26.199566,1642.9,133087.0,198895.0
2025-06-18 11:15:26.866420,1642.9,132971.0,199613.0
2025-06-18 11:15:28.206731,1642.9,132971.0,199613.0
2025-06-18 11:15:30.198542,1642.6,132971.0,199613.0
2025-06-18 11:15:32.199556,1643.0,132971.0,199613.0
2025-06-18 11:15:32.571079,1642.6,132777.0,199385.0
2025-06-18 11:15:34.214411,1642.6,132777.0,199385.0
2025-06-18 11:15:36.197666,1642.9,132777.0,199385.0
2025-06-18 11:15:37.976567,1642.9,132575.0,199192.0
2025-06-18 11:15:40.198018,1642.6,132575.0,199192.0
2025-06-18 11:15:42.199590,1642.9,132575.0,199192.0
2025-06-18 11:15:43.084067,1642.9,133272.0,199028.0
2025-06-18 11:15:44.204172,1642.6,133272.0,199028.0
2025-06-18 11:15:48.071367,1642.6,133272.0,199028.0
2025-06-18 11:15:48.201458,1642.9,133272.0,199028.0
2025-06-18 11:15:48.481167,1642.9,133972.0,198751.0
2025-06-18 11:15:49.096717,1642.9,133972.0,198751.0
2025-06-18 11:15:50.202418,1642.7,133972.0,198751.0
2025-06-18 11:15:50.941607,1642.7,133972.0,198751.0
2025-06-18 11:15:51.780987,1642.7,133972.0,198751.0
2025-06-18 11:15:52.200474,1642.9,133972.0,198751.0
2025-06-18 11:15:52.565448,1642.9,133972.0,198751.0
2025-06-18 11:15:53.572621,1642.9,133972.0,198751.0
2025-06-18 11:15:53.889833,1643.0,133914.0,198924.0
2025-06-18 11:15:54.134988,1643.0,133914.0,198924.0
2025-06-18 11:15:54.200195,1643.0,133914.0,198924.0
2025-06-18 11:15:54.540542,1643.0,133914.0,198924.0
2025-06-18 11:15:55.036577,1643.0,133914.0,198924.0
2025-06-18 11:15:56.300779,1643.0,133914.0,198924.0
2025-06-18 11:15:57.555235,1643.0,133914.0,198924.0
2025-06-18 11:15:58.244697,1643.0,133914.0,198924.0
2025-06-18 11:15:58.411679,1643.0,133914.0,198924.0
2025-06-18 11:15:59.087229,1643.0,133991.0,199090.0
2025-06-18 11:16:00.115338,1643.0,133991.0,199090.0
2025-06-18 11:16:00.197133,1642.9,133991.0,199090.0
2025-06-18 11:16:01.250243,1642.9,133991.0,199090.0
2025-06-18 11:16:02.399816,1642.9,133991.0,199090.0
2025-06-18 11:16:03.865558,1642.9,133991.0,199090.0
2025-06-18 11:16:04.199676,1643.0,133991.0,199090.0
2025-06-18 11:16:04.491115,1643.0,133752.0,199240.0
2025-06-18 11:16:06.200027,1643.0,133752.0,199240.0
2025-06-18 11:16:08.729180,1643.0,133752.0,199240.0
2025-06-18 11:16:09.696926,1643.0,133552.0,199693.0
2025-06-18 11:16:10.445194,1642.9,133552.0,199693.0
2025-06-18 11:16:12.204709,1643.3,133552.0,199693.0
2025-06-18 11:16:14.200843,1643.4,133552.0,199693.0
2025-06-18 11:16:15.202053,1643.4,134733.0,200143.0
2025-06-18 11:16:16.213927,1643.0,134733.0,200143.0
2025-06-18 11:16:18.207584,1643.5,134733.0,200143.0
2025-06-18 11:16:20.207657,1643.5,134733.0,200143.0
2025-06-18 11:16:20.398949,1643.5,133213.0,200230.0
2025-06-18 11:16:22.212263,1643.6,133213.0,200230.0
2025-06-18 11:16:25.503223,1643.2,133548.0,199742.0
2025-06-18 11:16:26.204214,1643.1,133548.0,199742.0
2025-06-18 11:16:30.230950,1643.0,133548.0,199742.0
2025-06-18 11:16:30.408815,1643.0,132191.0,201887.0
2025-06-18 11:16:32.206273,1643.0,132191.0,201887.0
2025-06-18 11:16:35.609088,1643.4,132158.0,200812.0
2025-06-18 11:16:36.336110,1643.4,132158.0,200812.0
2025-06-18 11:16:38.238259,1643.4,132158.0,200812.0
2025-06-18 11:16:40.330055,1643.4,132158.0,200812.0
2025-06-18 11:16:40.915753,1643.4,132589.0,200203.0
2025-06-18 11:16:42.212214,1643.5,132589.0,200203.0
2025-06-18 11:16:44.205225,1643.6,132589.0,200203.0
2025-06-18 11:16:46.018722,1643.2,132695.0,199048.0
2025-06-18 11:16:46.207691,1643.2,132695.0,199048.0
2025-06-18 11:16:50.209072,1643.4,132695.0,199048.0
2025-06-18 11:16:51.122611,1643.4,134212.0,197796.0
2025-06-18 11:16:56.209539,1644.1,134212.0,197796.0
2025-06-18 11:16:56.326060,1644.1,134935.0,197689.0
2025-06-18 11:16:58.210344,1643.5,134935.0,197689.0
2025-06-18 11:17:00.451730,1643.5,134935.0,197689.0
2025-06-18 11:17:01.530291,1644.5,136215.0,195763.0
2025-06-18 11:17:02.212799,1644.5,136215.0,195763.0
2025-06-18 11:17:06.213351,1644.6,136215.0,195763.0
2025-06-18 11:17:06.528487,1644.6,136868.0,194855.0
2025-06-18 11:17:10.214590,1643.8,136868.0,194855.0
2025-06-18 11:17:11.633953,1644.6,137061.0,195160.0
2025-06-18 11:17:12.213598,1644.6,137061.0,195160.0
2025-06-18 11:17:14.212080,1644.6,137061.0,195160.0
2025-06-18 11:17:16.208815,1644.6,137061.0,195160.0
2025-06-18 11:17:16.733537,1644.6,137447.0,195053.0
2025-06-18 11:17:18.248139,1644.0,137447.0,195053.0
2025-06-18 11:17:20.214009,1644.1,137447.0,195053.0
2025-06-18 11:17:21.939256,1644.1,137879.0,194741.0
2025-06-18 11:17:24.213765,1644.6,137879.0,194741.0
2025-06-18 11:17:27.148181,1644.3,139473.0,194307.0
2025-06-18 11:17:28.211747,1644.3,139473.0,194307.0
2025-06-18 11:17:30.212544,1644.1,139473.0,194307.0
2025-06-18 11:17:32.150555,1644.1,139006.0,193897.0
2025-06-18 11:17:37.156493,1644.1,139360.0,193895.0
2025-06-18 11:17:38.215137,1644.6,139360.0,193895.0
2025-06-18 11:17:40.215327,1644.3,139360.0,193895.0
2025-06-18 11:17:42.352575,1644.3,139899.0,193564.0
2025-06-18 11:17:47.152329,1644.3,139989.0,193754.0
2025-06-18 11:17:48.213352,1644.8,139989.0,193754.0
2025-06-18 11:17:50.217523,1644.3,139989.0,193754.0
2025-06-18 11:17:51.958201,1644.8,140031.0,193434.0
2025-06-18 11:17:52.212088,1644.8,140031.0,193434.0
2025-06-18 11:17:56.698826,1644.8,140057.0,193546.0
2025-06-18 11:18:00.238551,1644.3,140057.0,193546.0
2025-06-18 11:18:01.069097,1644.3,139861.0,193621.0
2025-06-18 11:18:02.247508,1644.3,139861.0,193621.0
2025-06-18 11:18:04.216519,1644.8,139861.0,193621.0
2025-06-18 11:18:05.967239,1644.8,140003.0,193556.0
2025-06-18 11:18:10.492125,1644.2,140003.0,193556.0
2025-06-18 11:18:10.669647,1644.2,133653.0,195751.0
2025-06-18 11:18:16.477789,1644.4,138223.0,195981.0
2025-06-18 11:18:17.208262,1644.4,138223.0,195981.0
2025-06-18 11:18:19.215050,1644.3,138223.0,195981.0
2025-06-18 11:18:21.266511,1644.0,138223.0,195981.0
2025-06-18 11:18:22.277645,1644.0,137940.0,195694.0
2025-06-18 11:18:23.209663,1644.6,137940.0,195694.0
2025-06-18 11:18:27.211128,1644.6,137940.0,195694.0
2025-06-18 11:18:27.588186,1644.6,137674.0,194932.0
2025-06-18 11:18:29.228704,1644.3,137674.0,194932.0
2025-06-18 11:18:31.213379,1643.0,137674.0,194932.0
2025-06-18 11:18:32.686619,1643.3,134098.0,199610.0
2025-06-18 11:18:33.241330,1643.5,134098.0,199610.0
2025-06-18 11:18:35.217426,1643.4,134098.0,199610.0
2025-06-18 11:18:37.218739,1643.9,134098.0,199610.0
2025-06-18 11:18:37.688812,1643.9,134525.0,198163.0
2025-06-18 11:18:39.214349,1643.9,134525.0,198163.0
2025-06-18 11:18:41.212738,1643.5,134525.0,198163.0
2025-06-18 11:18:42.787543,1643.5,135454.0,198175.0
2025-06-18 11:18:43.216669,1643.5,135454.0,198175.0
2025-06-18 11:18:45.210287,1643.5,135454.0,198175.0
2025-06-18 11:18:47.233632,1644.2,135454.0,198175.0
2025-06-18 11:18:47.489826,1644.2,135512.0,197655.0
2025-06-18 11:18:48.474047,1644.2,135512.0,197655.0
2025-06-18 11:18:49.553930,1644.2,135512.0,197655.0
2025-06-18 11:18:50.464934,1644.2,135512.0,197655.0
2025-06-18 11:18:51.211625,1643.5,135512.0,197655.0
2025-06-18 11:18:51.405467,1643.5,135512.0,197655.0
2025-06-18 11:18:52.190897,1643.5,135432.0,197722.0
2025-06-18 11:18:52.257719,1643.5,135432.0,197722.0
2025-06-18 11:18:53.039367,1643.5,135432.0,197722.0
2025-06-18 11:18:53.214398,1643.5,135432.0,197722.0
2025-06-18 11:18:54.058560,1643.5,135432.0,197722.0
2025-06-18 11:18:55.034989,1643.5,135432.0,197722.0
2025-06-18 11:18:55.212093,1644.0,135432.0,197722.0
2025-06-18 11:18:55.519614,1644.0,135432.0,197722.0
2025-06-18 11:18:56.790400,1644.0,135432.0,197722.0
2025-06-18 11:18:56.794601,1644.0,135397.0,197527.0
2025-06-18 11:18:57.215942,1644.0,135397.0,197527.0
2025-06-18 11:18:58.064161,1644.0,135397.0,197527.0
2025-06-18 11:18:59.215007,1644.0,135397.0,197527.0
2025-06-18 11:19:00.284737,1644.0,135397.0,197527.0
2025-06-18 11:19:01.217980,1643.6,135397.0,197527.0
2025-06-18 11:19:01.495822,1643.6,137049.0,197410.0
2025-06-18 11:19:01.568343,1643.6,137049.0,197410.0
2025-06-18 11:19:02.721510,1643.6,137049.0,197410.0
2025-06-18 11:19:03.216952,1643.6,137049.0,197410.0
2025-06-18 11:19:04.191078,1643.6,137049.0,197410.0
2025-06-18 11:19:07.112640,1643.6,137624.0,197575.0
2025-06-18 11:19:07.219091,1643.6,137624.0,197575.0
2025-06-18 11:19:11.214151,1644.3,137624.0,197575.0
2025-06-18 11:19:12.301019,1644.3,138450.0,196832.0
2025-06-18 11:19:13.223873,1644.3,138450.0,196832.0
2025-06-18 11:19:17.220323,1643.6,138450.0,196832.0
2025-06-18 11:19:17.407104,1643.6,138336.0,196894.0
2025-06-18 11:19:21.217579,1643.6,138336.0,196894.0
2025-06-18 11:19:22.710973,1643.6,138319.0,197280.0
2025-06-18 11:19:25.217425,1643.6,138319.0,197280.0
2025-06-18 11:19:27.712983,1643.6,137519.0,197087.0
2025-06-18 11:19:31.219043,1643.6,137519.0,197087.0
2025-06-18 11:19:32.716432,1643.6,137536.0,196681.0
2025-06-18 11:19:33.218285,1643.6,137536.0,196681.0
2025-06-18 11:19:37.517420,1643.6,137433.0,196276.0
2025-06-18 11:19:39.228085,1643.6,137433.0,196276.0
2025-06-18 11:19:41.217760,1643.6,137433.0,196276.0
2025-06-18 11:19:42.628910,1643.6,137346.0,196201.0
2025-06-18 11:19:43.259549,1643.6,137346.0,196201.0
2025-06-18 11:19:47.432281,1643.6,137462.0,196168.0
2025-06-18 11:19:51.258652,1643.6,137462.0,196168.0
2025-06-18 11:19:52.727797,1643.6,137597.0,196337.0
2025-06-18 11:19:53.229592,1643.6,137597.0,196337.0
2025-06-18 11:19:58.180464,1643.6,137564.0,196504.0
2025-06-18 11:20:01.224713,1643.6,137564.0,196504.0
2025-06-18 11:20:03.138995,1643.6,137286.0,196899.0
2025-06-18 11:20:03.220410,1643.6,137286.0,196899.0
2025-06-18 11:20:08.042471,1643.6,137381.0,196478.0
2025-06-18 11:20:09.217964,1644.3,137381.0,196478.0
2025-06-18 11:20:10.217391,1643.6,137381.0,196478.0
2025-06-18 11:20:11.216660,1644.4,137381.0,196478.0
2025-06-18 11:20:12.546798,1644.4,137770.0,196478.0
2025-06-18 11:20:17.218991,1643.8,137770.0,196478.0
2025-06-18 11:20:17.250976,1643.8,138737.0,197676.0
2025-06-18 11:20:20.219966,1643.5,138737.0,197676.0
2025-06-18 11:20:22.056243,1643.4,137283.0,197978.0
2025-06-18 11:20:22.217500,1643.4,137283.0,197978.0
2025-06-18 11:20:24.215769,1643.5,137283.0,197978.0
2025-06-18 11:20:25.214929,1643.8,137283.0,197978.0
2025-06-18 11:20:27.218570,1644.2,137283.0,197978.0
2025-06-18 11:20:27.456510,1644.2,137468.0,196891.0
2025-06-18 11:20:29.224398,1643.6,137468.0,196891.0
2025-06-18 11:20:31.219053,1643.6,137468.0,196891.0
2025-06-18 11:20:32.222183,1643.6,137468.0,196891.0
2025-06-18 11:20:32.265551,1643.6,137963.0,197858.0
2025-06-18 11:20:34.221715,1643.5,137963.0,197858.0
2025-06-18 11:20:35.217710,1643.5,137963.0,197858.0
2025-06-18 11:20:36.220934,1643.5,137963.0,197858.0
2025-06-18 11:20:37.168379,1643.6,137656.0,197896.0
2025-06-18 11:20:37.218547,1643.6,137656.0,197896.0
2025-06-18 11:20:38.217702,1643.6,137656.0,197896.0
2025-06-18 11:20:39.215257,1644.2,137656.0,197896.0
2025-06-18 11:20:40.225888,1643.5,137656.0,197896.0
2025-06-18 11:20:42.067720,1643.5,138028.0,197888.0
2025-06-18 11:20:44.227157,1643.4,138028.0,197888.0
2025-06-18 11:20:45.219879,1643.4,138028.0,197888.0
2025-06-18 11:20:46.219629,1644.1,138028.0,197888.0
2025-06-18 11:20:46.969692,1644.1,137963.0,197173.0
2025-06-18 11:20:50.224406,1643.4,137963.0,197173.0
2025-06-18 11:20:51.228207,1643.4,137963.0,197173.0
2025-06-18 11:20:51.971535,1643.5,137608.0,196880.0
2025-06-18 11:20:52.214580,1643.5,137608.0,196880.0
2025-06-18 11:20:54.223618,1644.2,137608.0,196880.0
2025-06-18 11:20:57.176488,1644.1,138228.0,196976.0
2025-06-18 11:20:57.225055,1644.1,138228.0,196976.0
2025-06-18 11:20:59.220176,1643.5,138228.0,196976.0
2025-06-18 11:21:00.220958,1643.5,138228.0,196976.0
2025-06-18 11:21:01.221878,1643.5,138228.0,196976.0
2025-06-18 11:21:01.776019,1643.5,137705.0,198115.0
2025-06-18 11:21:02.216606,1643.5,137705.0,198115.0
2025-06-18 11:21:03.239299,1643.5,137705.0,198115.0
2025-06-18 11:21:05.221003,1644.0,137705.0,198115.0
2025-06-18 11:21:06.579795,1644.0,137671.0,197061.0
2025-06-18 11:21:10.217716,1643.4,137671.0,197061.0
2025-06-18 11:21:11.220885,1643.4,137671.0,197061.0
2025-06-18 11:21:11.587579,1643.5,137648.0,196734.0
2025-06-18 11:21:12.219689,1643.5,137648.0,196734.0
2025-06-18 11:21:14.215383,1643.5,137648.0,196734.0
2025-06-18 11:21:16.192839,1643.9,137415.0,197028.0
2025-06-18 11:21:16.219540,1643.9,137415.0,197028.0
2025-06-18 11:21:17.262459,1643.9,137415.0,197028.0
2025-06-18 11:21:19.217827,1643.9,137415.0,197028.0
2025-06-18 11:21:20.219662,1643.5,137415.0,197028.0
2025-06-18 11:21:20.892370,1643.5,138060.0,196780.0
2025-06-18 11:21:21.229320,1643.5,138060.0,196780.0
2025-06-18 11:21:23.218018,1643.5,138060.0,196780.0
2025-06-18 11:21:24.235528,1643.5,138060.0,196780.0
2025-06-18 11:21:25.225772,1643.9,138060.0,196780.0
2025-06-18 11:21:25.991575,1643.9,138654.0,196962.0
2025-06-18 11:21:30.219392,1643.5,138654.0,196962.0
2025-06-18 11:21:31.098075,1643.4,139042.0,197978.0
2025-06-18 11:21:31.219776,1643.4,139042.0,197978.0
2025-06-18 11:21:35.220626,1643.4,139042.0,197978.0
2025-06-18 11:21:36.197897,1644.0,138748.0,197146.0
2025-06-18 11:21:36.218747,1644.0,138748.0,197146.0
2025-06-18 11:21:40.219320,1643.5,138748.0,197146.0
2025-06-18 11:21:40.636548,1643.5,139406.0,196528.0
2025-06-18 11:21:42.224299,1644.0,139406.0,196528.0
2025-06-18 11:21:45.222767,1644.0,139406.0,196528.0
2025-06-18 11:21:45.302276,1644.0,139017.0,196976.0
2025-06-18 11:21:46.235478,1644.0,139017.0,196976.0
2025-06-18 11:21:48.225661,1644.1,139017.0,196976.0
2025-06-18 11:21:49.084504,1644.1,139017.0,196976.0
2025-06-18 11:21:49.226692,1644.2,139017.0,196976.0
2025-06-18 11:21:50.008756,1644.2,138798.0,196206.0
2025-06-18 11:21:50.215006,1644.2,138798.0,196206.0
2025-06-18 11:21:50.228274,1644.1,138798.0,196206.0
2025-06-18 11:21:51.063087,1644.1,138798.0,196206.0
2025-06-18 11:21:51.253163,1644.1,138798.0,196206.0
2025-06-18 11:21:52.586387,1644.1,138798.0,196206.0
2025-06-18 11:21:52.852064,1644.1,138798.0,196206.0
2025-06-18 11:21:53.253998,1644.2,138798.0,196206.0
2025-06-18 11:21:53.656686,1644.2,138798.0,196206.0
2025-06-18 11:21:54.221735,1644.1,138798.0,196206.0
2025-06-18 11:21:54.664884,1644.1,138798.0,196206.0
2025-06-18 11:21:55.012124,1644.4,138978.0,194183.0
2025-06-18 11:21:55.215509,1644.4,138978.0,194183.0
2025-06-18 11:21:55.242475,1644.4,138978.0,194183.0
2025-06-18 11:21:55.646769,1644.4,138978.0,194183.0
2025-06-18 11:21:56.123371,1644.4,138978.0,194183.0
2025-06-18 11:21:57.371829,1644.4,138978.0,194183.0
2025-06-18 11:21:58.712129,1644.4,138978.0,194183.0
2025-06-18 11:21:59.506654,1644.4,138978.0,194183.0
2025-06-18 11:22:00.227139,1644.1,138978.0,194183.0
2025-06-18 11:22:00.412644,1644.1,138752.0,194555.0
2025-06-18 11:22:00.912141,1644.1,138752.0,194555.0
2025-06-18 11:22:01.219327,1644.1,138752.0,194555.0
2025-06-18 11:22:02.026891,1644.1,138752.0,194555.0
2025-06-18 11:22:03.394258,1644.1,138752.0,194555.0
2025-06-18 11:22:05.185732,1644.5,138752.0,194555.0
2025-06-18 11:22:05.222833,1644.5,138752.0,194555.0
2025-06-18 11:22:05.230612,1644.5,140097.0,194392.0
2025-06-18 11:22:08.221546,1644.5,140097.0,194392.0
2025-06-18 11:22:09.222085,1644.3,140097.0,194392.0
2025-06-18 11:22:10.133579,1644.1,140318.0,194570.0
2025-06-18 11:22:10.221356,1644.1,140318.0,194570.0
2025-06-18 11:22:11.304502,1644.1,140318.0,194570.0
2025-06-18 11:22:13.228128,1644.5,140318.0,194570.0
2025-06-18 11:22:14.221444,1644.1,140318.0,194570.0
2025-06-18 11:22:15.225855,1644.1,140318.0,194570.0
2025-06-18 11:22:15.322975,1644.1,140066.0,194772.0
2025-06-18 11:22:18.223323,1644.7,140066.0,194772.0
2025-06-18 11:22:20.227533,1644.0,140066.0,194772.0
2025-06-18 11:22:20.233763,1644.0,139353.0,194732.0
2025-06-18 11:22:21.223162,1644.0,139353.0,194732.0
2025-06-18 11:22:24.227948,1644.0,139353.0,194732.0
2025-06-18 11:22:25.224926,1644.0,140555.0,193975.0
2025-06-18 11:22:28.247636,1644.4,140555.0,193975.0
2025-06-18 11:22:29.221264,1644.4,140555.0,193975.0
2025-06-18 11:22:30.033435,1644.4,140296.0,194047.0
2025-06-18 11:22:30.224237,1644.4,140296.0,194047.0
2025-06-18 11:22:31.227455,1644.4,140296.0,194047.0
2025-06-18 11:22:32.249289,1644.4,140296.0,194047.0
2025-06-18 11:22:34.248306,1644.8,140296.0,194047.0
2025-06-18 11:22:34.932263,1644.8,140864.0,194028.0
2025-06-18 11:22:39.936331,1644.8,140280.0,193293.0
2025-06-18 11:22:40.352522,1644.4,140280.0,193293.0
2025-06-18 11:22:41.227475,1644.4,140280.0,193293.0
2025-06-18 11:22:42.224056,1644.4,140280.0,193293.0
2025-06-18 11:22:45.241802,1644.4,140734.0,193054.0
2025-06-18 11:22:49.224674,1644.8,140734.0,193054.0
2025-06-18 11:22:50.229762,1644.4,140734.0,193054.0
2025-06-18 11:22:50.546967,1644.4,140590.0,192910.0
2025-06-18 11:22:51.227384,1644.4,140590.0,192910.0
2025-06-18 11:22:52.257956,1644.8,140590.0,192910.0
2025-06-18 11:22:54.231285,1644.8,140590.0,192910.0
2025-06-18 11:22:55.351581,1644.8,140642.0,192900.0
2025-06-18 11:22:57.223618,1644.4,140642.0,192900.0
2025-06-18 11:22:58.231910,1645.2,140642.0,192900.0
2025-06-18 11:23:00.053806,1645.2,141278.0,192022.0
2025-06-18 11:23:00.237537,1644.4,141278.0,192022.0
2025-06-18 11:23:01.223335,1644.4,141278.0,192022.0
2025-06-18 11:23:04.227905,1644.4,141278.0,192022.0
2025-06-18 11:23:04.956113,1644.4,139190.0,194298.0
2025-06-18 11:23:05.227470,1644.4,139190.0,194298.0
2025-06-18 11:23:07.228104,1644.4,139190.0,194298.0
2025-06-18 11:23:08.229557,1644.1,139190.0,194298.0
2025-06-18 11:23:09.224075,1644.1,139190.0,194298.0
2025-06-18 11:23:09.957556,1644.5,136273.0,195065.0
2025-06-18 11:23:10.228728,1644.1,136273.0,195065.0
2025-06-18 11:23:11.235670,1644.1,136273.0,195065.0
2025-06-18 11:23:12.573412,1644.4,136273.0,195065.0
2025-06-18 11:23:13.237694,1644.4,136273.0,195065.0
2025-06-18 11:23:14.233418,1644.6,136273.0,195065.0
2025-06-18 11:23:14.760116,1644.6,136847.0,195944.0
2025-06-18 11:23:20.188599,1644.2,136336.0,195578.0
2025-06-18 11:23:20.231945,1644.2,136336.0,195578.0
2025-06-18 11:23:23.239107,1644.2,136336.0,195578.0
2025-06-18 11:23:25.259587,1644.2,136336.0,195578.0
2025-06-18 11:23:25.680258,1644.2,135844.0,196636.0
2025-06-18 11:23:27.231902,1644.1,135844.0,196636.0
2025-06-18 11:23:29.247336,1644.0,135844.0,196636.0
2025-06-18 11:23:30.978992,1644.0,137340.0,197497.0
2025-06-18 11:23:31.279642,1644.0,137340.0,197497.0
2025-06-18 11:23:33.236705,1643.5,137340.0,197497.0
2025-06-18 11:23:35.231354,1643.5,137340.0,197497.0
2025-06-18 11:23:36.278385,1643.5,137388.0,197944.0
2025-06-18 11:23:37.236936,1644.0,137388.0,197944.0
2025-06-18 11:23:39.235200,1644.0,137388.0,197944.0
2025-06-18 11:23:41.080732,1643.5,136206.0,198469.0
2025-06-18 11:23:41.246921,1643.5,136206.0,198469.0
2025-06-18 11:23:45.233867,1643.5,136206.0,198469.0
2025-06-18 11:23:46.080817,1643.5,136056.0,198360.0
2025-06-18 11:23:50.883714,1643.4,137173.0,198759.0
2025-06-18 11:23:51.241396,1643.4,137173.0,198759.0
2025-06-18 11:23:55.238385,1643.4,137173.0,198759.0
2025-06-18 11:23:55.589334,1643.4,136997.0,199278.0
2025-06-18 11:24:00.792721,1643.4,137059.0,199574.0
2025-06-18 11:24:01.237385,1643.4,137059.0,199574.0
2025-06-18 11:24:03.238479,1643.5,137059.0,199574.0
2025-06-18 11:24:05.240466,1643.5,137059.0,199574.0
2025-06-18 11:24:05.593244,1643.5,137413.0,199457.0
2025-06-18 11:24:07.243382,1643.5,137413.0,199457.0
2025-06-18 11:24:09.240445,1643.8,137413.0,199457.0
2025-06-18 11:24:10.495113,1643.4,139669.0,198877.0
2025-06-18 11:24:11.246176,1643.4,139669.0,198877.0
2025-06-18 11:24:13.235857,1643.5,139669.0,198877.0
2025-06-18 11:24:15.239542,1643.5,139669.0,198877.0
2025-06-18 11:24:17.163867,1643.5,140414.0,199316.0
2025-06-18 11:24:19.278188,1643.4,140414.0,199316.0
2025-06-18 11:24:20.402524,1643.4,140352.0,199708.0
2025-06-18 11:24:21.261809,1643.4,140352.0,199708.0
2025-06-18 11:24:23.237657,1643.5,140352.0,199708.0
2025-06-18 11:24:25.234886,1643.5,140352.0,199708.0
2025-06-18 11:24:25.503405,1643.5,140365.0,198904.0
2025-06-18 11:24:29.248108,1643.9,140365.0,198904.0
2025-06-18 11:24:30.806927,1643.5,140439.0,199492.0
2025-06-18 11:24:31.263533,1643.5,140439.0,199492.0
2025-06-18 11:24:35.242642,1643.4,140439.0,199492.0
2025-06-18 11:24:35.605736,1643.4,140345.0,199690.0
2025-06-18 11:24:37.262056,1643.4,140345.0,199690.0
2025-06-18 11:24:39.268734,1643.4,140345.0,199690.0
2025-06-18 11:24:40.507693,1644.0,140395.0,199254.0
2025-06-18 11:24:41.234245,1644.0,140395.0,199254.0
2025-06-18 11:24:43.236271,1644.0,140395.0,199254.0
2025-06-18 11:24:45.231115,1643.4,140395.0,199254.0
2025-06-18 11:24:45.309375,1643.4,140624.0,198530.0
2025-06-18 11:24:47.241761,1643.4,140624.0,198530.0
2025-06-18 11:24:49.450984,1643.4,140624.0,198530.0
2025-06-18 11:24:49.494941,1643.4,140624.0,198530.0
2025-06-18 11:24:50.573414,1643.4,140624.0,198530.0
2025-06-18 11:24:50.615358,1643.4,139972.0,198710.0
2025-06-18 11:24:51.253651,1643.4,139972.0,198710.0
2025-06-18 11:24:51.480558,1643.4,139972.0,198710.0
2025-06-18 11:24:52.451156,1643.4,139972.0,198710.0
2025-06-18 11:24:53.279176,1643.4,139972.0,198710.0
2025-06-18 11:24:54.048232,1643.4,139972.0,198710.0
2025-06-18 11:24:55.068068,1643.4,139972.0,198710.0
2025-06-18 11:24:55.479728,1643.4,139969.0,198442.0
2025-06-18 11:24:55.641238,1643.4,139969.0,198442.0
2025-06-18 11:24:56.064574,1643.4,139969.0,198442.0
2025-06-18 11:24:57.232372,1644.0,139969.0,198442.0
2025-06-18 11:24:57.795186,1644.0,139969.0,198442.0
2025-06-18 11:24:59.031598,1644.0,139969.0,198442.0
2025-06-18 11:24:59.238741,1643.4,139969.0,198442.0
2025-06-18 11:24:59.908934,1643.4,139969.0,198442.0
2025-06-18 11:25:00.223150,1643.4,139942.0,198089.0
2025-06-18 11:25:01.232839,1643.4,139942.0,198089.0
2025-06-18 11:25:01.286150,1643.4,139942.0,198089.0
2025-06-18 11:25:02.420289,1643.4,139942.0,198089.0
2025-06-18 11:25:03.238955,1643.4,139942.0,198089.0
2025-06-18 11:25:03.561228,1643.4,139942.0,198089.0
2025-06-18 11:25:05.016874,1643.4,139942.0,198089.0
2025-06-18 11:25:05.130083,1643.4,139674.0,198116.0
2025-06-18 11:25:07.235966,1643.5,139674.0,198116.0
2025-06-18 11:25:10.735670,1643.4,139203.0,199011.0
2025-06-18 11:25:11.266711,1643.4,139203.0,199011.0
2025-06-18 11:25:13.259138,1643.9,139203.0,199011.0
2025-06-18 11:25:15.231937,1643.5,139203.0,199011.0
2025-06-18 11:25:16.140734,1643.5,137931.0,199979.0
2025-06-18 11:25:17.230609,1643.9,137931.0,199979.0
2025-06-18 11:25:19.232333,1643.4,137931.0,199979.0
2025-06-18 11:25:21.537383,1643.4,138070.0,200461.0
2025-06-18 11:25:23.368923,1643.2,138070.0,200461.0
2025-06-18 11:25:25.235217,1643.1,138070.0,200461.0
2025-06-18 11:25:26.545605,1643.1,136623.0,201703.0
2025-06-18 11:25:27.232077,1643.0,136623.0,201703.0
2025-06-18 11:25:29.235161,1643.0,136623.0,201703.0
2025-06-18 11:25:31.235700,1643.1,136623.0,201703.0
2025-06-18 11:25:31.542642,1643.1,136453.0,201822.0
2025-06-18 11:25:35.247039,1642.9,136453.0,201822.0
2025-06-18 11:25:36.553376,1642.8,135350.0,203709.0
2025-06-18 11:25:37.235589,1642.9,135350.0,203709.0
2025-06-18 11:25:39.938414,1642.6,135350.0,203709.0
2025-06-18 11:25:41.229323,1642.5,135350.0,203709.0
2025-06-18 11:25:41.345007,1642.5,135202.0,203127.0
2025-06-18 11:25:43.232723,1642.7,135202.0,203127.0
2025-06-18 11:25:45.232942,1642.5,135202.0,203127.0
2025-06-18 11:25:46.048631,1642.7,135172.0,203167.0
2025-06-18 11:25:47.238030,1642.7,135172.0,203167.0
2025-06-18 11:25:49.228523,1642.7,135172.0,203167.0
2025-06-18 11:25:51.236288,1642.6,135172.0,203167.0
2025-06-18 11:25:51.349239,1642.6,135136.0,203305.0
2025-06-18 11:25:55.244634,1642.5,135136.0,203305.0
2025-06-18 11:25:56.451829,1642.5,135294.0,203565.0
2025-06-18 11:25:59.229728,1642.9,135294.0,203565.0
2025-06-18 11:26:01.236323,1642.5,135294.0,203565.0
2025-06-18 11:26:01.851930,1642.5,135291.0,203115.0
2025-06-18 11:26:03.254205,1642.5,135291.0,203115.0
2025-06-18 11:26:05.256467,1642.5,135291.0,203115.0
2025-06-18 11:26:07.057648,1642.7,134899.0,203505.0
2025-06-18 11:26:07.237990,1642.7,134899.0,203505.0
2025-06-18 11:26:09.255537,1642.7,134899.0,203505.0
2025-06-18 11:26:11.402522,1642.4,134899.0,203505.0
2025-06-18 11:26:11.860736,1642.4,135181.0,203539.0
2025-06-18 11:26:13.236908,1642.5,135181.0,203539.0
2025-06-18 11:26:15.252255,1642.4,135181.0,203539.0
2025-06-18 11:26:16.767287,1642.4,134931.0,202934.0
2025-06-18 11:26:17.232147,1642.4,134931.0,202934.0
2025-06-18 11:26:21.293511,1642.4,134931.0,202934.0
2025-06-18 11:26:21.682215,1642.4,135328.0,203456.0
2025-06-18 11:26:25.276960,1642.4,135328.0,203456.0
2025-06-18 11:26:26.469831,1642.3,135011.0,203637.0
2025-06-18 11:26:27.253526,1642.3,135011.0,203637.0
2025-06-18 11:26:29.261427,1642.4,135011.0,203637.0
2025-06-18 11:26:31.237739,1642.2,135011.0,203637.0
2025-06-18 11:26:31.473239,1642.4,136380.0,202243.0
2025-06-18 11:26:33.248638,1642.7,136380.0,202243.0
2025-06-18 11:26:36.278229,1642.6,135819.0,200976.0
2025-06-18 11:26:37.256158,1642.6,135819.0,200976.0
2025-06-18 11:26:39.246269,1642.6,135819.0,200976.0
2025-06-18 11:26:41.246397,1643.0,135819.0,200976.0
2025-06-18 11:26:41.380935,1643.0,135999.0,201134.0
2025-06-18 11:26:45.232764,1642.7,135999.0,201134.0
2025-06-18 11:26:46.693375,1642.8,136203.0,200349.0
2025-06-18 11:26:47.242226,1642.8,136203.0,200349.0
2025-06-18 11:26:51.237760,1642.8,136203.0,200349.0
2025-06-18 11:26:51.587191,1642.8,135680.0,201000.0
2025-06-18 11:26:53.242440,1642.8,135680.0,201000.0
2025-06-18 11:26:56.488991,1642.4,135013.0,201694.0
2025-06-18 11:26:57.236841,1642.4,135013.0,201694.0
2025-06-18 11:26:59.249818,1642.3,135013.0,201694.0
2025-06-18 11:27:01.242660,1642.3,135013.0,201694.0
2025-06-18 11:27:01.722597,1642.6,134813.0,202210.0
2025-06-18 11:27:03.239642,1642.6,134813.0,202210.0
2025-06-18 11:27:06.732574,1642.4,134408.0,202088.0
2025-06-18 11:27:07.268281,1642.4,134408.0,202088.0
2025-06-18 11:27:09.277784,1642.4,134408.0,202088.0
2025-06-18 11:27:11.256536,1642.1,134408.0,202088.0
2025-06-18 11:27:11.724321,1642.1,134745.0,203103.0
2025-06-18 11:27:13.243688,1642.1,134745.0,203103.0
2025-06-18 11:27:15.261242,1642.1,134745.0,203103.0
2025-06-18 11:27:16.604643,1643.1,135554.0,201442.0
2025-06-18 11:27:17.255370,1643.1,135554.0,201442.0
2025-06-18 11:27:20.475580,1642.8,135554.0,201442.0
2025-06-18 11:27:21.242855,1642.1,135554.0,201442.0
2025-06-18 11:27:21.507272,1642.1,133796.0,202658.0
2025-06-18 11:27:23.289786,1642.1,133796.0,202658.0
2025-06-18 11:27:25.289041,1642.1,133796.0,202658.0
2025-06-18 11:27:26.310696,1642.1,135338.0,202570.0
2025-06-18 11:27:27.295652,1642.1,135338.0,202570.0
2025-06-18 11:27:29.295142,1642.1,135338.0,202570.0
2025-06-18 11:27:31.290851,1642.2,135338.0,202570.0
2025-06-18 11:27:31.411214,1642.2,135827.0,201989.0
2025-06-18 11:27:33.259301,1642.2,135827.0,201989.0
2025-06-18 11:27:36.719097,1642.1,135433.0,202274.0
2025-06-18 11:27:37.254969,1642.1,135433.0,202274.0
2025-06-18 11:27:39.244496,1642.1,135433.0,202274.0
2025-06-18 11:27:41.253816,1642.1,135433.0,202274.0
2025-06-18 11:27:41.729296,1642.1,135193.0,202958.0
2025-06-18 11:27:47.244074,1643.0,135193.0,202958.0
2025-06-18 11:27:47.725693,1643.0,135650.0,201471.0
2025-06-18 11:27:49.243547,1642.8,135650.0,201471.0
2025-06-18 11:27:49.919539,1642.8,135650.0,201471.0
2025-06-18 11:27:51.005870,1642.8,135650.0,201471.0
2025-06-18 11:27:51.238322,1642.1,135650.0,201471.0
2025-06-18 11:27:51.926986,1642.1,135650.0,201471.0
2025-06-18 11:27:52.851349,1642.1,135650.0,201471.0
2025-06-18 11:27:53.244172,1642.8,135650.0,201471.0
2025-06-18 11:27:53.624403,1642.8,135782.0,202389.0
2025-06-18 11:27:53.763450,1642.8,135782.0,202389.0
2025-06-18 11:27:54.491151,1642.8,135782.0,202389.0
2025-06-18 11:27:55.246499,1642.8,135782.0,202389.0
2025-06-18 11:27:55.510544,1642.8,135782.0,202389.0
2025-06-18 11:27:56.064321,1642.8,135782.0,202389.0
2025-06-18 11:27:57.341382,1642.8,135782.0,202389.0
2025-06-18 11:27:58.262793,1642.8,135782.0,202389.0
2025-06-18 11:27:58.625082,1642.9,135214.0,201241.0
2025-06-18 11:27:59.242140,1642.9,135214.0,201241.0
2025-06-18 11:27:59.457669,1642.9,135214.0,201241.0
2025-06-18 11:28:00.319682,1642.9,135214.0,201241.0
2025-06-18 11:28:01.236991,1642.9,135214.0,201241.0
2025-06-18 11:28:01.722896,1642.9,135214.0,201241.0
2025-06-18 11:28:02.855129,1642.9,135214.0,201241.0
2025-06-18 11:28:03.238736,1642.2,135214.0,201241.0
2025-06-18 11:28:03.338494,1642.2,135365.0,201762.0
2025-06-18 11:28:03.969750,1642.2,135365.0,201762.0
2025-06-18 11:28:05.238311,1642.9,135365.0,201762.0
2025-06-18 11:28:05.603932,1642.9,135365.0,201762.0
2025-06-18 11:28:07.240325,1642.2,135365.0,201762.0
2025-06-18 11:28:10.439697,1642.3,135299.0,202313.0
2025-06-18 11:28:10.489045,1642.2,135299.0,202313.0
2025-06-18 11:28:11.243507,1642.1,135299.0,202313.0
2025-06-18 11:28:12.949680,1642.1,135183.0,203033.0
2025-06-18 11:28:13.247301,1642.1,135183.0,203033.0
2025-06-18 11:28:17.246675,1642.6,135183.0,203033.0
2025-06-18 11:28:17.838115,1642.6,134855.0,202507.0
2025-06-18 11:28:21.243727,1642.1,134855.0,202507.0
2025-06-18 11:28:23.247474,1642.1,134855.0,202507.0
2025-06-18 11:28:23.343225,1642.1,134922.0,201219.0
2025-06-18 11:28:27.246183,1642.4,134922.0,201219.0
2025-06-18 11:28:28.543767,1642.4,135330.0,202282.0
2025-06-18 11:28:31.245412,1642.4,135330.0,202282.0
2025-06-18 11:28:33.245877,1642.4,135330.0,202282.0
2025-06-18 11:28:33.549283,1642.0,134339.0,202484.0
2025-06-18 11:28:35.246579,1642.0,134339.0,202484.0
2025-06-18 11:28:37.247123,1642.0,134339.0,202484.0
2025-06-18 11:28:38.450982,1642.1,133072.0,202778.0
2025-06-18 11:28:39.247695,1642.1,133072.0,202778.0
2025-06-18 11:28:41.248236,1642.1,133072.0,202778.0
2025-06-18 11:28:43.242265,1642.1,133072.0,202778.0
2025-06-18 11:28:43.454207,1642.1,133484.0,201222.0
2025-06-18 11:28:45.245545,1642.1,133484.0,201222.0
2025-06-18 11:28:47.342063,1642.6,133484.0,201222.0
2025-06-18 11:28:48.461323,1642.6,133514.0,201199.0
2025-06-18 11:28:49.244365,1642.6,133514.0,201199.0
2025-06-18 11:28:51.250034,1642.0,133514.0,201199.0
2025-06-18 11:28:53.246712,1642.9,133514.0,201199.0
2025-06-18 11:28:53.562895,1642.9,135454.0,200412.0
2025-06-18 11:28:57.265489,1642.9,135454.0,200412.0
2025-06-18 11:28:58.403444,1642.9,135612.0,200317.0
2025-06-18 11:28:59.246033,1642.2,135612.0,200317.0
2025-06-18 11:29:01.248450,1642.2,135612.0,200317.0
2025-06-18 11:29:02.865810,1642.2,135301.0,200397.0
2025-06-18 11:29:03.259376,1642.2,135301.0,200397.0
2025-06-18 11:29:05.276323,1642.9,135301.0,200397.0
2025-06-18 11:29:07.250256,1642.9,135301.0,200397.0
2025-06-18 11:29:07.677468,1642.9,134888.0,200002.0
2025-06-18 11:29:09.274218,1642.9,134888.0,200002.0
2025-06-18 11:29:11.268961,1642.3,134888.0,200002.0
2025-06-18 11:29:12.870191,1642.4,135595.0,199406.0
2025-06-18 11:29:13.250785,1642.4,135595.0,199406.0
2025-06-18 11:29:15.272447,1642.4,135595.0,199406.0
2025-06-18 11:29:17.252280,1642.4,135595.0,199406.0
2025-06-18 11:29:18.215716,1642.4,135153.0,199145.0
2025-06-18 11:29:19.257843,1642.9,135153.0,199145.0
2025-06-18 11:29:21.254028,1642.4,135153.0,199145.0
2025-06-18 11:29:23.251248,1642.4,135153.0,199145.0
2025-06-18 11:29:23.505804,1642.4,135356.0,199943.0
2025-06-18 11:29:25.267618,1642.7,135356.0,199943.0
2025-06-18 11:29:27.249049,1642.7,135356.0,199943.0
2025-06-18 11:29:28.882347,1643.3,135688.0,198739.0
2025-06-18 11:29:29.247946,1643.3,135688.0,198739.0
2025-06-18 11:29:31.246383,1642.5,135688.0,198739.0
2025-06-18 11:29:33.255880,1642.5,135688.0,198739.0
2025-06-18 11:29:34.084602,1642.4,136226.0,200960.0
2025-06-18 11:29:35.253640,1642.3,136226.0,200960.0
2025-06-18 11:29:39.249683,1642.2,136226.0,200960.0
2025-06-18 11:29:39.490614,1642.2,135764.0,201047.0
2025-06-18 11:29:41.255864,1642.1,135764.0,201047.0
2025-06-18 11:29:44.720226,1642.1,134731.0,201996.0
2025-06-18 11:29:45.251612,1642.0,134731.0,201996.0
2025-06-18 11:29:47.248870,1642.0,134731.0,201996.0
2025-06-18 11:29:49.394823,1642.0,134475.0,202499.0
2025-06-18 11:29:51.249118,1642.0,134475.0,202499.0
2025-06-18 11:29:53.247460,1642.3,134475.0,202499.0
2025-06-18 11:29:54.302348,1642.4,135280.0,201840.0
2025-06-18 11:29:55.263568,1642.4,135280.0,201840.0
2025-06-18 11:29:57.267733,1642.7,135280.0,201840.0
2025-06-18 11:29:59.605794,1642.7,135276.0,200981.0
2025-06-18 11:30:01.249115,1642.5,135276.0,200981.0
2025-06-18 11:30:03.255904,1642.0,135276.0,200981.0
2025-06-18 11:30:04.716174,1642.0,136914.0,201425.0
2025-06-18 11:30:06.251121,1642.6,136914.0,201425.0
2025-06-18 11:30:09.255049,1642.8,136914.0,201425.0
2025-06-18 11:30:10.112117,1642.8,135104.0,200478.0
2025-06-18 11:30:13.255175,1642.3,135104.0,200478.0
2025-06-18 11:30:15.625771,1642.0,135850.0,202103.0
2025-06-18 11:30:16.251949,1642.0,135850.0,202103.0
2025-06-18 11:30:18.250315,1642.0,135850.0,202103.0
2025-06-18 11:30:20.921050,1642.0,135686.0,201285.0
2025-06-18 11:30:21.261925,1642.0,135686.0,201285.0
2025-06-18 11:30:24.250102,1642.1,135686.0,201285.0
2025-06-18 11:30:26.623412,1642.1,136670.0,200724.0
2025-06-18 11:30:29.253006,1642.1,136670.0,200724.0
2025-06-18 11:30:31.250764,1642.1,136670.0,200724.0
2025-06-18 11:30:31.824087,1642.1,136117.0,200688.0
2025-06-18 11:30:33.251002,1642.8,136117.0,200688.0
2025-06-18 11:30:35.267552,1642.1,136117.0,200688.0
2025-06-18 11:30:37.306221,1642.6,134618.0,201903.0
2025-06-18 11:30:37.313809,1642.6,134618.0,201903.0
2025-06-18 11:30:39.271887,1642.0,134618.0,201903.0
2025-06-18 11:30:41.259232,1642.1,134618.0,201903.0
2025-06-18 11:30:42.237636,1642.0,135463.0,202309.0
2025-06-18 11:30:43.274518,1642.1,135463.0,202309.0
2025-06-18 11:30:45.273670,1642.0,135463.0,202309.0
2025-06-18 11:30:47.287660,1642.1,135463.0,202309.0
2025-06-18 11:30:47.735878,1642.1,135777.0,201582.0
2025-06-18 11:30:49.255030,1642.1,135777.0,201582.0
2025-06-18 11:30:50.336406,1642.1,135777.0,201582.0
2025-06-18 11:30:51.272305,1642.0,135777.0,201582.0
2025-06-18 11:30:51.433380,1642.0,135777.0,201582.0
2025-06-18 11:30:52.355566,1642.0,135777.0,201582.0
2025-06-18 11:30:52.838233,1642.0,135431.0,201309.0
2025-06-18 11:30:53.259645,1642.0,135431.0,201309.0
2025-06-18 11:30:53.298707,1642.0,135431.0,201309.0
2025-06-18 11:30:54.172719,1642.0,135431.0,201309.0
2025-06-18 11:30:55.261220,1642.0,135431.0,201309.0
2025-06-18 11:30:55.982174,1642.0,135431.0,201309.0
2025-06-18 11:30:56.551035,1642.0,135431.0,201309.0
2025-06-18 11:30:57.264138,1642.6,135431.0,201309.0
2025-06-18 11:30:57.454997,1642.6,135431.0,201309.0
2025-06-18 11:30:57.843608,1642.6,135980.0,201197.0
2025-06-18 11:30:58.762523,1642.6,135980.0,201197.0
2025-06-18 11:30:59.967160,1642.6,135980.0,201197.0
2025-06-18 11:31:00.831964,1642.6,135980.0,201197.0
2025-06-18 11:31:01.262497,1642.0,135980.0,201197.0
2025-06-18 11:31:02.288928,1642.0,135980.0,201197.0
2025-06-18 11:31:02.747273,1642.0,135968.0,201165.0
2025-06-18 11:31:03.269254,1642.6,135968.0,201165.0
2025-06-18 11:31:03.388560,1642.6,135968.0,201165.0
2025-06-18 11:31:04.495762,1642.6,135968.0,201165.0
2025-06-18 11:31:05.266162,1642.6,135968.0,201165.0
2025-06-18 11:31:05.974837,1642.6,135968.0,201165.0
2025-06-18 11:31:07.653952,1642.6,136579.0,200958.0
2025-06-18 11:31:09.257128,1642.1,136579.0,200958.0
2025-06-18 11:31:11.268061,1642.1,136579.0,200958.0
2025-06-18 11:31:12.854776,1642.1,136841.0,200878.0
2025-06-18 11:31:13.266700,1642.1,136841.0,200878.0
2025-06-18 11:31:17.268020,1642.0,136841.0,200878.0
2025-06-18 11:31:17.961498,1642.0,137482.0,201393.0
2025-06-18 11:31:19.348437,1641.3,137482.0,201393.0
2025-06-18 11:31:21.266445,1641.0,137482.0,201393.0
2025-06-18 11:31:23.272821,1640.1,137482.0,201393.0
2025-06-18 11:31:23.364150,1640.0,125498.0,205662.0
2025-06-18 11:31:25.268436,1640.0,125498.0,205662.0
2025-06-18 11:31:27.258510,1640.0,125498.0,205662.0
2025-06-18 11:31:28.967399,1640.3,126015.0,204179.0
2025-06-18 11:31:29.488220,1640.0,126015.0,204179.0
2025-06-18 11:31:31.266811,1640.0,126015.0,204179.0
2025-06-18 11:31:33.259674,1639.8,126015.0,204179.0
2025-06-18 11:31:34.282849,1639.8,124418.0,204614.0
2025-06-18 11:31:35.266706,1639.8,124418.0,204614.0
2025-06-18 11:31:37.260791,1640.0,124418.0,204614.0
2025-06-18 11:31:39.314118,1640.5,124418.0,204614.0
2025-06-18 11:31:39.318232,1640.5,124757.0,205160.0
2025-06-18 11:31:41.265132,1640.5,124757.0,205160.0
2025-06-18 11:31:44.483603,1640.5,125337.0,204569.0
2025-06-18 11:31:45.272144,1640.5,125337.0,204569.0
2025-06-18 11:31:47.309722,1640.5,125337.0,204569.0
2025-06-18 11:31:49.285256,1639.9,125337.0,204569.0
2025-06-18 11:31:49.485281,1639.9,125207.0,205116.0
2025-06-18 11:31:51.274999,1640.0,125207.0,205116.0
2025-06-18 11:31:54.490639,1639.8,124360.0,204836.0
2025-06-18 11:31:55.264168,1639.8,124360.0,204836.0
2025-06-18 11:31:59.265185,1640.4,124360.0,204836.0
2025-06-18 11:31:59.496102,1640.4,124278.0,205355.0
2025-06-18 11:32:01.275544,1639.9,124278.0,205355.0
2025-06-18 11:32:01.799600,1640.4,124574.0,205640.0
2025-06-18 11:32:02.263540,1640.4,124574.0,205640.0
2025-06-18 11:32:02.806636,1640.4,124529.0,205657.0
2025-06-18 11:32:03.260978,1639.9,124529.0,205657.0
2025-06-18 11:32:03.710268,1639.9,124622.0,205693.0
2025-06-18 11:32:04.269068,1639.9,124622.0,205693.0
2025-06-18 11:32:04.596893,1639.9,124449.0,205878.0
2025-06-18 11:32:05.598422,1639.8,124496.0,205899.0
2025-06-18 11:32:06.253307,1639.8,124496.0,205899.0
2025-06-18 11:32:06.600141,1639.8,124420.0,205761.0
2025-06-18 11:32:07.600059,1639.8,124702.0,206065.0
2025-06-18 11:32:08.603305,1639.8,124745.0,205974.0
2025-06-18 11:32:09.602312,1639.8,123355.0,205896.0
2025-06-18 11:32:10.257372,1640.3,123355.0,205896.0
2025-06-18 11:32:10.718015,1640.3,125664.0,205343.0
2025-06-18 11:32:11.809465,1640.3,125199.0,205386.0
2025-06-18 11:32:12.806280,1640.3,125472.0,205501.0
2025-06-18 11:32:13.906218,1640.3,126027.0,205465.0
2025-06-18 11:32:14.257275,1640.0,126027.0,205465.0
2025-06-18 11:32:14.807608,1640.0,126653.0,205245.0
2025-06-18 11:32:15.907030,1640.0,126651.0,205244.0
2025-06-18 11:32:16.264515,1640.0,126651.0,205244.0
2025-06-18 11:32:17.007671,1640.0,126586.0,205261.0
2025-06-18 11:32:18.109901,1640.4,125753.0,204966.0
2025-06-18 11:32:18.259615,1640.4,125753.0,204966.0
2025-06-18 11:32:19.226680,1640.4,124984.0,205128.0
2025-06-18 11:32:20.246747,1640.0,125512.0,204947.0
2025-06-18 11:32:20.262790,1640.0,125512.0,204947.0
2025-06-18 11:32:21.258765,1640.2,125512.0,204947.0
2025-06-18 11:32:21.310738,1640.0,125274.0,205693.0
2025-06-18 11:32:22.255158,1640.0,125274.0,205693.0
2025-06-18 11:32:22.311846,1640.0,125542.0,205689.0
2025-06-18 11:32:23.314303,1640.0,125599.0,205623.0
2025-06-18 11:32:24.316545,1640.0,125567.0,205623.0
2025-06-18 11:32:25.225063,1640.0,125387.0,205570.0
2025-06-18 11:32:26.261189,1639.5,125387.0,205570.0
2025-06-18 11:32:26.320027,1639.5,126145.0,206457.0
2025-06-18 11:32:27.262599,1639.5,126145.0,206457.0
2025-06-18 11:32:27.423804,1639.5,126364.0,206377.0
2025-06-18 11:32:28.258591,1639.7,126364.0,206377.0
2025-06-18 11:32:28.519238,1639.7,126299.0,205839.0
2025-06-18 11:32:29.261080,1639.5,126299.0,205839.0
2025-06-18 11:32:29.621371,1639.5,125910.0,205579.0
2025-06-18 11:32:30.257910,1639.7,125910.0,205579.0
2025-06-18 11:32:30.729131,1639.7,125931.0,205784.0
2025-06-18 11:32:31.255770,1639.7,125931.0,205784.0
2025-06-18 11:32:31.733331,1639.7,126281.0,205722.0
2025-06-18 11:32:32.257671,1639.7,126281.0,205722.0
2025-06-18 11:32:32.827031,1639.3,125433.0,205917.0
2025-06-18 11:32:33.257979,1639.3,125433.0,205917.0
2025-06-18 11:32:33.925610,1639.4,120002.0,206194.0
2025-06-18 11:32:34.255106,1639.4,120002.0,206194.0
2025-06-18 11:32:34.927054,1639.6,119922.0,206499.0
2025-06-18 11:32:35.260857,1639.6,119922.0,206499.0
2025-06-18 11:32:35.936188,1639.6,123282.0,206101.0
2025-06-18 11:32:36.924087,1639.6,123703.0,206075.0
2025-06-18 11:32:37.299650,1639.5,123703.0,206075.0
2025-06-18 11:32:37.829386,1640.0,123794.0,205119.0
2025-06-18 11:32:38.260830,1640.0,123794.0,205119.0
2025-06-18 11:32:39.026866,1640.0,123794.0,205383.0
2025-06-18 11:32:40.028472,1640.0,123779.0,205355.0
2025-06-18 11:32:41.026460,1640.0,123714.0,205412.0
2025-06-18 11:32:41.260268,1639.3,123714.0,205412.0
2025-06-18 11:32:42.031116,1639.9,122941.0,205807.0
2025-06-18 11:32:42.261764,1639.9,122941.0,205807.0
2025-06-18 11:32:43.149735,1639.9,125885.0,205257.0
2025-06-18 11:32:44.244440,1639.9,125897.0,205258.0
2025-06-18 11:32:45.331528,1639.9,125419.0,205321.0
2025-06-18 11:32:46.521479,1639.9,125420.0,205463.0
2025-06-18 11:32:47.536396,1639.9,125343.0,204210.0
2025-06-18 11:32:48.263551,1639.9,125343.0,204210.0
2025-06-18 11:32:48.535875,1639.7,125971.0,204789.0
2025-06-18 11:32:49.265573,1639.7,125971.0,204789.0
2025-06-18 11:32:49.636006,1639.7,125490.0,205093.0
2025-06-18 11:32:50.738626,1639.7,125708.0,204034.0
2025-06-18 11:32:51.844138,1640.0,126451.0,203545.0
2025-06-18 11:32:52.259226,1640.0,126451.0,203545.0
2025-06-18 11:32:52.952735,1640.0,126465.0,203623.0
2025-06-18 11:32:53.943513,1639.7,125984.0,203630.0
2025-06-18 11:32:54.259616,1639.7,125984.0,203630.0
2025-06-18 11:32:55.053972,1639.7,126145.0,203661.0
2025-06-18 11:32:55.259083,1639.7,126145.0,203661.0
2025-06-18 11:32:56.138745,1640.5,125878.0,202245.0
2025-06-18 11:32:56.273278,1640.5,125878.0,202245.0
2025-06-18 11:32:57.248532,1640.0,124631.0,203321.0
2025-06-18 11:32:57.269017,1640.0,124631.0,203321.0
2025-06-18 11:32:58.339239,1640.0,125838.0,203372.0
2025-06-18 11:32:59.833990,1640.0,126192.0,203034.0
2025-06-18 11:33:00.264666,1639.5,126192.0,203034.0
2025-06-18 11:33:00.439054,1640.0,126199.0,203424.0
2025-06-18 11:33:02.265706,1639.6,126199.0,203424.0
2025-06-18 11:33:05.839356,1639.6,127650.0,203772.0
2025-06-18 11:33:08.264519,1640.2,127650.0,203772.0
2025-06-18 11:33:11.264953,1640.2,127650.0,203772.0
2025-06-18 11:33:11.344437,1640.0,127066.0,203448.0
2025-06-18 11:33:14.263491,1640.2,127066.0,203448.0
2025-06-18 11:33:16.650169,1640.2,126864.0,203513.0
2025-06-18 11:33:17.280307,1640.0,126864.0,203513.0
2025-06-18 11:33:20.270467,1640.0,126864.0,203513.0
2025-06-18 11:33:21.849430,1640.0,129353.0,202676.0
2025-06-18 11:33:23.277484,1640.0,129353.0,202676.0
2025-06-18 11:33:27.159843,1640.0,129486.0,202780.0
2025-06-18 11:33:32.951904,1639.9,125008.0,204443.0
2025-06-18 11:33:33.278291,1639.9,125008.0,204443.0
2025-06-18 11:33:36.264017,1639.9,125008.0,204443.0
2025-06-18 11:33:38.857128,1640.0,125055.0,204519.0
2025-06-18 11:33:39.270260,1640.0,125055.0,204519.0
2025-06-18 11:33:42.267110,1639.5,125055.0,204519.0
2025-06-18 11:33:44.282203,1639.4,125055.0,204519.0
2025-06-18 11:33:44.763259,1639.4,125363.0,205689.0
2025-06-18 11:33:47.284993,1640.0,125363.0,205689.0
2025-06-18 11:33:50.303737,1639.9,125363.0,205689.0
2025-06-18 11:33:50.568090,1640.0,125844.0,205391.0
2025-06-18 11:33:51.101767,1640.0,125844.0,205391.0
2025-06-18 11:33:52.226378,1640.0,125844.0,205391.0
2025-06-18 11:33:53.151997,1640.0,125844.0,205391.0
2025-06-18 11:33:53.269336,1640.0,125844.0,205391.0
2025-06-18 11:33:54.104037,1640.0,125844.0,205391.0
2025-06-18 11:33:55.793948,1640.0,125844.0,205391.0
2025-06-18 11:33:56.280220,1640.0,125844.0,205391.0
2025-06-18 11:33:56.368899,1640.0,127108.0,203270.0
2025-06-18 11:33:56.898243,1640.0,127108.0,203270.0
2025-06-18 11:33:57.476322,1640.0,127108.0,203270.0
2025-06-18 11:33:58.375662,1640.0,127108.0,203270.0
2025-06-18 11:33:59.282665,1639.9,127108.0,203270.0
2025-06-18 11:33:59.745828,1639.9,127108.0,203270.0
2025-06-18 11:34:00.888428,1639.9,127108.0,203270.0
2025-06-18 11:34:01.754416,1639.9,127108.0,203270.0
2025-06-18 11:34:02.275199,1639.5,127108.0,203270.0
2025-06-18 11:34:02.283879,1639.5,126499.0,204663.0
2025-06-18 11:34:03.139453,1639.5,126499.0,204663.0
2025-06-18 11:34:04.281949,1639.5,126499.0,204663.0
2025-06-18 11:34:05.518813,1639.5,126499.0,204663.0
2025-06-18 11:34:06.888927,1639.5,126499.0,204663.0
2025-06-18 11:34:07.878669,1639.9,127779.0,204693.0
2025-06-18 11:34:08.272880,1640.0,127779.0,204693.0
2025-06-18 11:34:11.309534,1640.0,127779.0,204693.0
2025-06-18 11:34:13.284770,1640.0,127607.0,204378.0
2025-06-18 11:34:14.316411,1640.0,127607.0,204378.0
2025-06-18 11:34:18.586612,1640.0,127858.0,204122.0
2025-06-18 11:34:20.298276,1640.0,127858.0,204122.0
2025-06-18 11:34:23.310772,1639.9,127858.0,204122.0
2025-06-18 11:34:23.790412,1639.9,128342.0,203807.0
2025-06-18 11:34:29.282755,1639.9,128342.0,203807.0
2025-06-18 11:34:29.307755,1639.9,127401.0,203864.0
2025-06-18 11:34:32.278807,1639.4,127401.0,203864.0
2025-06-18 11:34:34.274902,1639.9,127401.0,203864.0
2025-06-18 11:34:34.495688,1639.9,127766.0,203970.0
2025-06-18 11:34:36.314325,1640.0,127766.0,203970.0
2025-06-18 11:34:38.273075,1639.9,127766.0,203970.0
2025-06-18 11:34:39.398397,1639.9,127964.0,204302.0
2025-06-18 11:34:42.277235,1639.9,127964.0,204302.0
2025-06-18 11:34:44.220221,1639.4,127323.0,204398.0
2025-06-18 11:34:44.276568,1639.4,127323.0,204398.0
2025-06-18 11:34:46.291184,1640.0,127323.0,204398.0
2025-06-18 11:34:49.606991,1640.0,126720.0,204222.0
2025-06-18 11:34:50.275204,1640.0,126720.0,204222.0
2025-06-18 11:34:52.269839,1640.0,126720.0,204222.0
2025-06-18 11:34:55.012029,1639.3,127043.0,204655.0
2025-06-18 11:34:56.286081,1639.1,127043.0,204655.0
2025-06-18 11:35:00.520868,1640.0,127043.0,204655.0
2025-06-18 11:35:00.614033,1640.0,127775.0,204834.0
2025-06-18 11:35:04.296851,1640.0,127775.0,204834.0
2025-06-18 11:35:06.016192,1639.5,126921.0,204135.0
2025-06-18 11:35:06.304616,1639.5,126921.0,204135.0
2025-06-18 11:35:08.334242,1639.5,126921.0,204135.0
2025-06-18 11:35:10.292740,1639.5,126921.0,204135.0
2025-06-18 11:35:11.730333,1639.5,127468.0,203929.0
2025-06-18 11:35:14.323139,1640.0,127468.0,203929.0
2025-06-18 11:35:16.325984,1639.9,127468.0,203929.0
2025-06-18 11:35:17.422177,1639.4,126104.0,204916.0
2025-06-18 11:35:18.300316,1639.4,126104.0,204916.0
2025-06-18 11:35:23.023468,1639.3,126014.0,205357.0
2025-06-18 11:35:24.332317,1639.3,126014.0,205357.0
2025-06-18 11:35:28.336994,1639.8,126014.0,205357.0
2025-06-18 11:35:28.932805,1639.8,125943.0,205788.0
2025-06-18 11:35:30.321018,1639.8,125943.0,205788.0
2025-06-18 11:35:34.633275,1639.8,125773.0,206079.0
2025-06-18 11:35:39.277611,1639.8,125773.0,206079.0
2025-06-18 11:35:40.535803,1639.5,126668.0,206962.0
2025-06-18 11:35:41.322920,1639.7,126668.0,206962.0
2025-06-18 11:35:44.288782,1639.1,126668.0,206962.0
2025-06-18 11:35:46.638670,1639.1,125939.0,206572.0
2025-06-18 11:35:50.278598,1639.7,125939.0,206572.0
2025-06-18 11:35:52.351278,1639.1,125537.0,206599.0
2025-06-18 11:35:53.277532,1639.1,125537.0,206599.0
2025-06-18 11:35:57.290434,1638.8,125537.0,206599.0
2025-06-18 11:35:57.949369,1638.8,126292.0,206180.0
2025-06-18 11:35:59.278609,1639.0,126292.0,206180.0
2025-06-18 11:36:01.283326,1639.0,126292.0,206180.0
2025-06-18 11:36:03.280503,1638.5,126292.0,206180.0
2025-06-18 11:36:03.762212,1638.5,126611.0,206151.0
2025-06-18 11:36:05.277601,1638.5,126611.0,206151.0
2025-06-18 11:36:07.279343,1639.0,126611.0,206151.0
2025-06-18 11:36:09.628133,1639.0,126611.0,206151.0
2025-06-18 11:36:09.629222,1639.0,126741.0,206132.0
2025-06-18 11:36:11.277176,1639.0,126741.0,206132.0
2025-06-18 11:36:13.279447,1640.0,126741.0,206132.0
2025-06-18 11:36:15.258662,1639.2,128113.0,200624.0
2025-06-18 11:36:15.277338,1639.2,128113.0,200624.0
2025-06-18 11:36:17.279589,1639.9,128113.0,200624.0
2025-06-18 11:36:19.287955,1639.9,128113.0,200624.0
2025-06-18 11:36:20.957044,1639.9,128430.0,201521.0
2025-06-18 11:36:21.284770,1639.9,128430.0,201521.0
2025-06-18 11:36:23.279627,1639.2,128430.0,201521.0
2025-06-18 11:36:26.458443,1639.9,128069.0,201233.0
2025-06-18 11:36:27.291947,1639.4,128069.0,201233.0
2025-06-18 11:36:31.294068,1639.1,128069.0,201233.0
2025-06-18 11:36:32.060285,1639.1,127911.0,201065.0
2025-06-18 11:36:33.286432,1639.1,127911.0,201065.0
2025-06-18 11:36:37.264702,1639.1,128148.0,201956.0
2025-06-18 11:36:39.280059,1639.9,128148.0,201956.0
2025-06-18 11:36:42.467755,1639.9,128230.0,202387.0
2025-06-18 11:36:43.287581,1639.9,128230.0,202387.0
2025-06-18 11:36:45.315385,1640.0,128230.0,202387.0
2025-06-18 11:36:47.775538,1640.0,128110.0,202361.0
2025-06-18 11:36:49.280343,1640.0,128110.0,202361.0
2025-06-18 11:36:51.333834,1640.0,128110.0,202361.0
2025-06-18 11:36:51.357673,1640.0,128110.0,202361.0
2025-06-18 11:36:52.461624,1640.0,128110.0,202361.0
2025-06-18 11:36:53.172713,1640.0,130118.0,200950.0
2025-06-18 11:36:53.283218,1640.0,130118.0,200950.0
2025-06-18 11:36:53.399127,1640.0,130118.0,200950.0
2025-06-18 11:36:54.351518,1640.0,130118.0,200950.0
2025-06-18 11:36:55.243551,1640.0,130118.0,200950.0
2025-06-18 11:36:55.281859,1639.4,130118.0,200950.0
2025-06-18 11:36:56.041504,1639.4,130118.0,200950.0
2025-06-18 11:36:57.100459,1639.4,130118.0,200950.0
2025-06-18 11:36:58.082695,1639.4,130118.0,200950.0
2025-06-18 11:36:58.575573,1640.0,130831.0,200724.0
2025-06-18 11:36:58.935573,1640.0,130831.0,200724.0
2025-06-18 11:36:59.282708,1640.0,130831.0,200724.0
2025-06-18 11:36:59.823418,1640.0,130831.0,200724.0
2025-06-18 11:37:01.080619,1640.0,130831.0,200724.0
2025-06-18 11:37:03.349821,1640.0,130831.0,200724.0
2025-06-18 11:37:03.358060,1640.0,130831.0,200724.0
2025-06-18 11:37:03.880133,1640.0,130962.0,201701.0
2025-06-18 11:37:04.492146,1640.0,130962.0,201701.0
2025-06-18 11:37:05.698711,1640.0,130962.0,201701.0
2025-06-18 11:37:07.093952,1640.0,130962.0,201701.0
2025-06-18 11:37:09.080821,1639.9,131462.0,200977.0
2025-06-18 11:37:09.283311,1639.9,131462.0,200977.0
2025-06-18 11:37:11.311351,1640.0,131462.0,200977.0
2025-06-18 11:37:13.289003,1640.0,131462.0,200977.0
2025-06-18 11:37:14.292749,1639.7,132374.0,200551.0
2025-06-18 11:37:15.284231,1640.0,132374.0,200551.0
2025-06-18 11:37:19.190835,1640.0,131314.0,200626.0
2025-06-18 11:37:19.294247,1640.0,131314.0,200626.0
2025-06-18 11:37:21.313332,1640.0,131314.0,200626.0
2025-06-18 11:37:24.197729,1640.0,131190.0,200620.0
2025-06-18 11:37:27.286821,1640.0,131190.0,200620.0
2025-06-18 11:37:29.094502,1639.7,131257.0,200961.0
2025-06-18 11:37:29.285441,1639.7,131257.0,200961.0
2025-06-18 11:37:33.289293,1640.0,131257.0,200961.0
2025-06-18 11:37:34.399564,1640.0,130747.0,200951.0
2025-06-18 11:37:37.530205,1640.0,130747.0,200951.0
2025-06-18 11:37:39.290850,1640.0,130747.0,200951.0
2025-06-18 11:37:40.005281,1640.0,131228.0,200263.0
2025-06-18 11:37:41.291010,1640.0,131228.0,200263.0
2025-06-18 11:37:43.303803,1640.0,131228.0,200263.0
2025-06-18 11:37:45.294058,1639.7,131228.0,200263.0
2025-06-18 11:37:45.406678,1639.7,131088.0,201066.0
2025-06-18 11:37:47.293034,1640.0,131088.0,201066.0
2025-06-18 11:37:50.817020,1640.0,131023.0,200913.0
2025-06-18 11:37:51.286687,1640.0,131023.0,200913.0
2025-06-18 11:37:53.292132,1640.0,131023.0,200913.0
2025-06-18 11:37:56.116422,1640.0,132896.0,201041.0
2025-06-18 11:38:00.290086,1640.0,132896.0,201041.0
2025-06-18 11:38:01.614814,1640.0,132621.0,201040.0
2025-06-18 11:38:03.287805,1640.0,132621.0,201040.0
2025-06-18 11:38:06.290873,1640.0,132621.0,201040.0
2025-06-18 11:38:07.317091,1640.0,133263.0,200946.0
2025-06-18 11:38:10.290901,1640.0,133263.0,200946.0
2025-06-18 11:38:12.285497,1639.7,133263.0,200946.0
2025-06-18 11:38:12.932802,1639.7,132988.0,200660.0
2025-06-18 11:38:16.286422,1639.8,132988.0,200660.0
2025-06-18 11:38:18.293559,1639.8,132988.0,200660.0
2025-06-18 11:38:18.323795,1639.8,133005.0,200741.0
2025-06-18 11:38:20.287802,1640.0,133005.0,200741.0
2025-06-18 11:38:22.286010,1640.0,133005.0,200741.0
2025-06-18 11:38:23.628447,1639.8,133099.0,200809.0
2025-06-18 11:38:24.310258,1639.8,133099.0,200809.0
2025-06-18 11:38:26.308041,1640.0,133099.0,200809.0
2025-06-18 11:38:28.292650,1640.0,133099.0,200809.0
2025-06-18 11:38:28.833881,1640.0,132052.0,200277.0
2025-06-18 11:38:30.294516,1640.0,132052.0,200277.0
2025-06-18 11:38:32.292514,1640.0,132052.0,200277.0
2025-06-18 11:38:34.248080,1640.0,133926.0,200636.0
2025-06-18 11:38:34.290139,1640.0,133926.0,200636.0
2025-06-18 11:38:39.542737,1640.3,133020.0,198566.0
2025-06-18 11:38:40.336635,1640.1,133020.0,198566.0
2025-06-18 11:38:42.294406,1640.0,133020.0,198566.0
2025-06-18 11:38:44.645883,1640.5,132257.0,199921.0
2025-06-18 11:38:46.295404,1640.5,132257.0,199921.0
2025-06-18 11:38:48.295679,1640.3,132257.0,199921.0
2025-06-18 11:38:49.770663,1640.3,131609.0,200210.0
2025-06-18 11:38:50.292724,1640.4,131609.0,200210.0
2025-06-18 11:38:54.295087,1640.0,131609.0,200210.0
2025-06-18 11:38:54.776614,1640.0,132319.0,200482.0
2025-06-18 11:38:57.477515,1640.3,132319.0,200482.0
2025-06-18 11:38:58.296080,1640.4,132319.0,200482.0
2025-06-18 11:38:59.767577,1640.3,132047.0,201151.0
2025-06-18 11:39:00.291045,1640.3,132047.0,201151.0
2025-06-18 11:39:02.300828,1640.0,132047.0,201151.0
2025-06-18 11:39:04.574011,1640.6,132734.0,199598.0
2025-06-18 11:39:06.442153,1640.6,132734.0,199598.0
2025-06-18 11:39:08.293367,1640.0,132734.0,199598.0
2025-06-18 11:39:10.267619,1640.0,132278.0,200706.0
2025-06-18 11:39:10.297479,1640.0,132278.0,200706.0
2025-06-18 11:39:12.294538,1640.0,132278.0,200706.0
2025-06-18 11:39:14.295005,1640.0,132278.0,200706.0
2025-06-18 11:39:15.780672,1640.0,132635.0,201014.0
2025-06-18 11:39:18.295396,1640.0,132635.0,201014.0
2025-06-18 11:39:20.311603,1640.0,132635.0,201014.0
2025-06-18 11:39:21.368863,1640.0,132944.0,200431.0
2025-06-18 11:39:22.301745,1639.9,132944.0,200431.0
2025-06-18 11:39:24.303670,1640.0,132944.0,200431.0
2025-06-18 11:39:26.779633,1640.3,132944.0,200431.0
2025-06-18 11:39:26.815603,1640.3,133157.0,201141.0
2025-06-18 11:39:28.297832,1640.1,133157.0,201141.0
2025-06-18 11:39:30.294664,1640.0,133157.0,201141.0
2025-06-18 11:39:31.783867,1640.0,132843.0,200820.0
2025-06-18 11:39:32.291320,1640.3,132843.0,200820.0
2025-06-18 11:39:34.300229,1640.0,132843.0,200820.0
2025-06-18 11:39:36.295194,1640.4,132843.0,200820.0
2025-06-18 11:39:37.082981,1640.4,132715.0,200183.0
2025-06-18 11:39:38.293524,1640.0,132715.0,200183.0
2025-06-18 11:39:40.293866,1641.0,132715.0,200183.0
2025-06-18 11:39:42.292664,1641.0,132715.0,200183.0
2025-06-18 11:39:42.379982,1641.0,132264.0,198954.0
2025-06-18 11:39:44.304062,1640.5,132264.0,198954.0
2025-06-18 11:39:46.295783,1640.0,132264.0,198954.0
2025-06-18 11:39:47.384840,1640.6,132565.0,200098.0
2025-06-18 11:39:48.294017,1640.0,132565.0,200098.0
2025-06-18 11:39:50.301084,1640.0,132565.0,200098.0
2025-06-18 11:39:51.776084,1640.0,132565.0,200098.0
2025-06-18 11:39:52.300844,1639.9,132565.0,200098.0
2025-06-18 11:39:52.986848,1639.9,132528.0,200346.0
2025-06-18 11:39:53.292744,1639.9,132528.0,200346.0
2025-06-18 11:39:54.227158,1639.9,132528.0,200346.0
2025-06-18 11:39:54.297536,1639.9,132528.0,200346.0
2025-06-18 11:39:55.185392,1639.9,132528.0,200346.0
2025-06-18 11:39:56.056566,1639.9,132528.0,200346.0
2025-06-18 11:39:56.295964,1640.0,132528.0,200346.0
2025-06-18 11:39:56.869209,1640.0,132528.0,200346.0
2025-06-18 11:39:57.935219,1640.0,132528.0,200346.0
2025-06-18 11:39:58.295635,1640.3,132528.0,200346.0
2025-06-18 11:39:58.393894,1640.3,132984.0,198127.0
2025-06-18 11:39:58.509885,1640.3,132984.0,198127.0
2025-06-18 11:39:59.407058,1640.3,132984.0,198127.0
2025-06-18 11:40:00.295333,1640.2,132984.0,198127.0
2025-06-18 11:40:00.683392,1640.2,132984.0,198127.0
2025-06-18 11:40:01.600981,1640.2,132838.0,199323.0
2025-06-18 11:40:01.932407,1640.2,132838.0,199323.0
2025-06-18 11:40:02.696312,1640.2,132838.0,199515.0
2025-06-18 11:40:02.807047,1640.2,132838.0,199515.0
2025-06-18 11:40:03.293561,1641.2,132838.0,199515.0
2025-06-18 11:40:03.795356,1641.8,135494.0,196045.0
2025-06-18 11:40:04.204544,1641.8,135494.0,196045.0
2025-06-18 11:40:04.296398,1641.8,135494.0,196045.0
2025-06-18 11:40:04.895544,1641.8,134995.0,196068.0
2025-06-18 11:40:05.344855,1641.8,134995.0,196068.0
2025-06-18 11:40:05.895499,1641.8,134942.0,196069.0
2025-06-18 11:40:06.292995,1641.2,134942.0,196069.0
2025-06-18 11:40:06.482623,1641.2,134942.0,196069.0
2025-06-18 11:40:06.897346,1641.2,134978.0,195625.0
2025-06-18 11:40:07.899251,1641.2,134991.0,195645.0
2025-06-18 11:40:07.987405,1641.2,134991.0,195645.0
2025-06-18 11:40:08.900542,1641.2,135037.0,195715.0
2025-06-18 11:40:09.293023,1641.2,135037.0,195715.0
2025-06-18 11:40:09.900884,1641.2,134996.0,195460.0
2025-06-18 11:40:10.294634,1641.2,134996.0,195460.0
2025-06-18 11:40:10.998642,1641.2,135826.0,195389.0
2025-06-18 11:40:11.999902,1641.2,135658.0,195480.0
2025-06-18 11:40:13.098193,1641.2,135196.0,195467.0
2025-06-18 11:40:14.099248,1641.8,134042.0,195116.0
2025-06-18 11:40:14.295372,1641.8,134042.0,195116.0
2025-06-18 11:40:15.100293,1641.8,133852.0,195494.0
2025-06-18 11:40:16.100019,1641.8,133824.0,195740.0
2025-06-18 11:40:17.101402,1641.8,134142.0,195381.0
2025-06-18 11:40:17.296439,1641.8,134142.0,195381.0
2025-06-18 11:40:18.102082,1641.8,134280.0,194962.0
2025-06-18 11:40:19.101911,1641.8,134636.0,194962.0
2025-06-18 11:40:20.103453,1641.8,134572.0,194477.0
2025-06-18 11:40:20.297064,1641.9,134572.0,194477.0
2025-06-18 11:40:21.203264,1641.9,134350.0,194546.0
2025-06-18 11:40:21.294231,1641.9,134350.0,194546.0
2025-06-18 11:40:22.295411,1642.4,134350.0,194546.0
2025-06-18 11:40:22.330932,1642.4,134290.0,193773.0
2025-06-18 11:40:23.313617,1642.4,134290.0,193773.0
2025-06-18 11:40:23.319587,1642.4,133933.0,193805.0
2025-06-18 11:40:24.299000,1641.8,133933.0,193805.0
2025-06-18 11:40:24.405567,1641.8,133722.0,195913.0
2025-06-18 11:40:25.506849,1641.8,133616.0,196947.0
2025-06-18 11:40:26.608682,1641.8,133552.0,196447.0
2025-06-18 11:40:27.606470,1641.8,133552.0,196448.0
2025-06-18 11:40:28.607967,1641.8,134836.0,195017.0
2025-06-18 11:40:29.611602,1641.8,134450.0,195456.0
2025-06-18 11:40:30.299422,1641.2,134450.0,195456.0
2025-06-18 11:40:30.610194,1641.2,134493.0,195436.0
2025-06-18 11:40:31.610767,1641.2,134409.0,195462.0
2025-06-18 11:40:32.612269,1641.2,134414.0,195479.0
2025-06-18 11:40:33.518002,1641.2,134420.0,195498.0
2025-06-18 11:40:34.613662,1641.2,134777.0,195402.0
2025-06-18 11:40:35.715872,1641.2,134987.0,194818.0
2025-06-18 11:40:36.815859,1641.2,135055.0,195384.0
2025-06-18 11:40:37.842631,1641.4,134998.0,195398.0
2025-06-18 11:40:38.295532,1641.4,134998.0,195398.0
2025-06-18 11:40:38.719729,1641.4,135003.0,195360.0
2025-06-18 11:40:39.819508,1641.7,134863.0,195915.0
2025-06-18 11:40:40.302632,1641.7,134863.0,195915.0
2025-06-18 11:40:40.996249,1642.0,135292.0,195094.0
2025-06-18 11:40:41.333552,1642.0,135292.0,195094.0
2025-06-18 11:40:41.927272,1642.0,135211.0,195148.0
2025-06-18 11:40:42.936023,1642.0,134913.0,195338.0
2025-06-18 11:40:43.294858,1642.0,134913.0,195338.0
2025-06-18 11:40:43.947298,1642.0,134994.0,195194.0
2025-06-18 11:40:44.924355,1642.0,134839.0,195132.0
2025-06-18 11:40:45.928202,1642.0,134954.0,195172.0
2025-06-18 11:40:46.926693,1642.0,134955.0,195157.0
2025-06-18 11:40:47.923099,1642.0,134920.0,195128.0
2025-06-18 11:40:48.304857,1642.0,134920.0,195128.0
2025-06-18 11:40:49.022408,1641.7,135178.0,195176.0
2025-06-18 11:40:49.294657,1641.7,135178.0,195176.0
2025-06-18 11:40:50.022416,1641.7,135238.0,195142.0
2025-06-18 11:40:50.321378,1641.7,135238.0,195142.0
2025-06-18 11:40:51.123117,1641.7,135311.0,195065.0
2025-06-18 11:40:52.225663,1641.7,135280.0,195065.0
2025-06-18 11:40:52.303013,1641.7,135280.0,195065.0
2025-06-18 11:40:53.329434,1641.7,135154.0,195143.0
2025-06-18 11:40:54.337087,1641.7,135180.0,195313.0
2025-06-18 11:40:55.228001,1641.7,135135.0,195413.0
2025-06-18 11:40:56.727826,1642.2,135188.0,194589.0
2025-06-18 11:40:57.297935,1642.2,135188.0,194589.0
2025-06-18 11:40:57.732416,1642.2,135261.0,194725.0
2025-06-18 11:40:58.729841,1642.2,135276.0,194724.0
2025-06-18 11:40:59.729463,1642.2,135329.0,195159.0
2025-06-18 11:41:00.297234,1641.7,135329.0,195159.0
2025-06-18 11:41:00.633830,1641.7,135146.0,194637.0
2025-06-18 11:41:02.135489,1641.7,136520.0,194946.0
2025-06-18 11:41:02.302263,1641.7,136520.0,194946.0
2025-06-18 11:41:04.306018,1642.0,136520.0,194946.0
2025-06-18 11:41:07.437305,1642.0,141908.0,194510.0
2025-06-18 11:41:10.308640,1642.0,141908.0,194510.0
2025-06-18 11:41:12.304941,1642.0,141908.0,194510.0
2025-06-18 11:41:12.740433,1642.0,142251.0,194041.0
2025-06-18 11:41:14.302760,1642.0,142251.0,194041.0
2025-06-18 11:41:16.313324,1642.0,142251.0,194041.0
2025-06-18 11:41:17.841275,1642.5,142424.0,193324.0
2025-06-18 11:41:18.318497,1642.1,142424.0,193324.0
2025-06-18 11:41:20.304853,1642.0,142424.0,193324.0
2025-06-18 11:41:22.314950,1642.0,142424.0,193324.0
2025-06-18 11:41:22.844591,1642.0,143272.0,193457.0
2025-06-18 11:41:27.849963,1642.0,143058.0,193619.0
2025-06-18 11:41:28.305733,1642.0,143058.0,193619.0
2025-06-18 11:41:30.305804,1641.9,143058.0,193619.0
2025-06-18 11:41:32.306695,1642.0,143058.0,193619.0
2025-06-18 11:41:33.058319,1642.5,142906.0,191752.0
2025-06-18 11:41:34.305353,1642.5,142906.0,191752.0
2025-06-18 11:41:38.302487,1642.1,142906.0,191752.0
2025-06-18 11:41:38.858957,1642.1,142508.0,193328.0
2025-06-18 11:41:40.317627,1642.0,142508.0,193328.0
2025-06-18 11:41:42.332336,1642.2,142508.0,193328.0
2025-06-18 11:41:44.168416,1642.2,142781.0,192784.0
2025-06-18 11:41:44.309447,1642.2,142781.0,192784.0
2025-06-18 11:41:49.275638,1642.2,142132.0,192651.0
2025-06-18 11:41:50.308939,1642.0,142132.0,192651.0
2025-06-18 11:41:52.311487,1642.0,142132.0,192651.0
2025-06-18 11:41:54.290082,1642.5,142131.0,192990.0
2025-06-18 11:41:54.310698,1642.5,142131.0,192990.0
2025-06-18 11:41:56.302796,1642.0,142131.0,192990.0
2025-06-18 11:41:58.308278,1641.8,142131.0,192990.0
2025-06-18 11:41:59.074479,1642.3,141492.0,193401.0
2025-06-18 11:42:00.314639,1641.8,141492.0,193401.0
2025-06-18 11:42:02.322163,1641.8,141492.0,193401.0
2025-06-18 11:42:03.775580,1642.3,142209.0,192894.0
2025-06-18 11:42:04.304874,1642.3,142209.0,192894.0
2025-06-18 11:42:06.350761,1642.5,142209.0,192894.0
2025-06-18 11:42:09.097521,1642.5,141827.0,192996.0
2025-06-18 11:42:10.460084,1642.3,141827.0,192996.0
2025-06-18 11:42:12.320248,1642.3,141827.0,192996.0
2025-06-18 11:42:14.195695,1642.3,142555.0,192443.0
2025-06-18 11:42:14.311684,1642.3,142555.0,192443.0
2025-06-18 11:42:16.305168,1642.2,142555.0,192443.0
2025-06-18 11:42:18.991088,1642.0,142180.0,193528.0
2025-06-18 11:42:20.324698,1642.0,142180.0,193528.0
2025-06-18 11:42:22.306871,1642.0,142180.0,193528.0
2025-06-18 11:42:24.288871,1642.0,141240.0,192815.0
2025-06-18 11:42:26.322806,1642.7,141240.0,192815.0
2025-06-18 11:42:29.493477,1642.7,141633.0,192941.0
2025-06-18 11:42:30.338989,1642.0,141633.0,192941.0
2025-06-18 11:42:32.318665,1642.0,141633.0,192941.0
2025-06-18 11:42:34.320824,1642.0,141633.0,192941.0
2025-06-18 11:42:34.501518,1642.0,142851.0,193533.0
2025-06-18 11:42:38.338925,1642.0,142851.0,193533.0
2025-06-18 11:42:39.806282,1642.9,142002.0,192595.0
2025-06-18 11:42:40.318592,1642.0,142002.0,192595.0
2025-06-18 11:42:42.323591,1641.8,142002.0,192595.0
2025-06-18 11:42:45.405879,1641.8,142139.0,193632.0
2025-06-18 11:42:46.320291,1642.0,142139.0,193632.0
2025-06-18 11:42:48.315963,1642.0,142139.0,193632.0
2025-06-18 11:42:50.316241,1641.9,142139.0,193632.0
2025-06-18 11:42:51.220733,1642.6,141796.0,192897.0
2025-06-18 11:42:52.260904,1642.6,141796.0,192897.0
2025-06-18 11:42:52.493410,1642.6,141796.0,192897.0
2025-06-18 11:42:53.344796,1642.6,141796.0,192897.0
2025-06-18 11:42:54.598327,1642.6,141796.0,192897.0
2025-06-18 11:42:55.526087,1642.6,141796.0,192897.0
2025-06-18 11:42:56.352706,1642.2,141796.0,192897.0
2025-06-18 11:42:56.424513,1642.2,141796.0,192897.0
2025-06-18 11:42:56.515869,1642.2,141651.0,193340.0
2025-06-18 11:42:57.222359,1642.2,141651.0,193340.0
2025-06-18 11:42:58.300287,1642.2,141651.0,193340.0
2025-06-18 11:42:59.292871,1642.2,141651.0,193340.0
2025-06-18 11:43:00.158570,1642.2,141651.0,193340.0
2025-06-18 11:43:00.314688,1641.7,141651.0,193340.0
2025-06-18 11:43:01.043025,1641.7,141651.0,193340.0
2025-06-18 11:43:01.521840,1641.8,140473.0,194163.0
2025-06-18 11:43:02.322863,1641.8,140473.0,194163.0
2025-06-18 11:43:02.346104,1641.8,140473.0,194163.0
2025-06-18 11:43:03.168678,1641.8,140473.0,194163.0
2025-06-18 11:43:04.580033,1641.8,140473.0,194163.0
2025-06-18 11:43:05.731161,1641.8,140473.0,194163.0
2025-06-18 11:43:06.321103,1642.4,140473.0,194163.0
2025-06-18 11:43:06.620668,1642.4,140844.0,193521.0
2025-06-18 11:43:06.879124,1642.4,140844.0,193521.0
2025-06-18 11:43:08.441515,1642.4,140844.0,193521.0
2025-06-18 11:43:10.324703,1641.7,140844.0,193521.0
2025-06-18 11:43:11.820258,1642.3,141699.0,193668.0
2025-06-18 11:43:12.357596,1642.3,141699.0,193668.0
2025-06-18 11:43:14.327135,1642.0,141699.0,193668.0
2025-06-18 11:43:17.521107,1642.0,139697.0,195181.0
2025-06-18 11:43:18.362860,1642.0,139697.0,195181.0
2025-06-18 11:43:20.320389,1641.5,139697.0,195181.0
2025-06-18 11:43:22.320950,1641.7,139697.0,195181.0
2025-06-18 11:43:22.827927,1641.7,139193.0,194728.0
2025-06-18 11:43:27.829816,1641.7,139166.0,194873.0
2025-06-18 11:43:30.318008,1641.7,139166.0,194873.0
2025-06-18 11:43:33.119862,1642.0,139166.0,194873.0
2025-06-18 11:43:33.159770,1642.0,139062.0,194917.0
2025-06-18 11:43:34.326526,1642.0,139062.0,194917.0
2025-06-18 11:43:36.329903,1642.2,139062.0,194917.0
2025-06-18 11:43:38.358989,1642.2,139403.0,194370.0
2025-06-18 11:43:40.496978,1642.0,139403.0,194370.0
2025-06-18 11:43:42.844771,1642.0,139403.0,194370.0
2025-06-18 11:43:43.843936,1642.0,139835.0,194454.0
2025-06-18 11:43:44.388364,1642.0,139835.0,194454.0
2025-06-18 11:43:46.329352,1642.0,139835.0,194454.0
2025-06-18 11:43:49.924864,1642.0,139835.0,194454.0
2025-06-18 11:43:49.967083,1642.0,139711.0,194379.0
2025-06-18 11:43:50.317328,1642.0,139711.0,194379.0
2025-06-18 11:43:52.332986,1642.0,139711.0,194379.0
2025-06-18 11:43:54.314208,1642.2,139711.0,194379.0
2025-06-18 11:43:54.761732,1642.2,139687.0,193998.0
2025-06-18 11:43:56.310899,1642.2,139687.0,193998.0
2025-06-18 11:43:59.858779,1642.0,139266.0,193998.0
2025-06-18 11:44:00.312230,1642.0,139266.0,193998.0
2025-06-18 11:44:02.315519,1642.0,139266.0,193998.0
2025-06-18 11:44:04.957670,1642.0,139712.0,194457.0
2025-06-18 11:44:06.317476,1641.9,139712.0,194457.0
2025-06-18 11:44:08.323662,1641.9,139712.0,194457.0
2025-06-18 11:44:09.865377,1641.7,139499.0,194797.0
2025-06-18 11:44:10.328020,1641.7,139499.0,194797.0
2025-06-18 11:44:12.321232,1641.9,139499.0,194797.0
2025-06-18 11:44:15.174523,1641.7,139499.0,194797.0
2025-06-18 11:44:15.180862,1641.7,139528.0,194640.0
2025-06-18 11:44:16.311598,1641.7,139528.0,194640.0
2025-06-18 11:44:20.327845,1641.7,139528.0,194640.0
2025-06-18 11:44:20.372555,1641.7,139451.0,194531.0
2025-06-18 11:44:22.328677,1642.0,139451.0,194531.0
2025-06-18 11:44:25.338371,1642.3,138584.0,194005.0
2025-06-18 11:44:26.321861,1642.3,138584.0,194005.0
2025-06-18 11:44:28.324714,1641.7,138584.0,194005.0
2025-06-18 11:44:30.290360,1641.7,138935.0,194428.0
2025-06-18 11:44:30.316187,1642.0,138935.0,194428.0
2025-06-18 11:44:32.316523,1642.0,138935.0,194428.0
2025-06-18 11:44:35.079862,1642.0,139623.0,194743.0
2025-06-18 11:44:40.292989,1641.7,139613.0,194771.0
2025-06-18 11:44:40.340239,1641.7,139613.0,194771.0
2025-06-18 11:44:42.316251,1641.7,139613.0,194771.0
2025-06-18 11:44:44.530660,1642.0,139613.0,194771.0
2025-06-18 11:44:45.587557,1642.1,139452.0,194903.0
2025-06-18 11:44:46.317606,1642.1,139452.0,194903.0
2025-06-18 11:44:50.323518,1641.7,139452.0,194903.0
2025-06-18 11:44:50.690532,1642.3,139784.0,194089.0
2025-06-18 11:44:52.318146,1642.3,139784.0,194089.0
2025-06-18 11:44:54.327049,1641.8,139784.0,194089.0
2025-06-18 11:44:55.390767,1641.8,140137.0,194100.0
2025-06-18 11:44:57.680950,1642.3,140137.0,194100.0
2025-06-18 11:44:58.321082,1642.0,140137.0,194100.0
2025-06-18 11:45:00.508972,1641.7,140137.0,194100.0
2025-06-18 11:45:00.540498,1641.7,139925.0,194296.0
2025-06-18 11:45:02.322431,1642.3,139925.0,194296.0
2025-06-18 11:45:05.098447,1642.3,139849.0,194252.0
2025-06-18 11:45:06.347284,1642.1,139849.0,194252.0
2025-06-18 11:45:08.319764,1641.7,139849.0,194252.0
2025-06-18 11:45:09.999517,1641.7,140489.0,193640.0
2025-06-18 11:45:10.319588,1642.1,140489.0,193640.0
2025-06-18 11:45:12.321640,1642.3,140489.0,193640.0
2025-06-18 11:45:14.328934,1642.3,140489.0,193640.0
2025-06-18 11:45:14.709351,1642.3,141150.0,193540.0
2025-06-18 11:45:20.006307,1642.3,141384.0,193955.0
2025-06-18 11:45:20.318256,1642.0,141384.0,193955.0
2025-06-18 11:45:25.109382,1642.0,141484.0,194269.0
2025-06-18 11:45:26.322636,1642.0,141484.0,194269.0
2025-06-18 11:45:28.316483,1642.0,141484.0,194269.0
