timestamp,ltp,bid_qty,ask_qty
2025-06-18 11:01:36.661277,151.78,1756558.0,2956707.0
2025-06-18 11:01:37.145492,151.83,1756558.0,2956707.0
2025-06-18 11:01:37.539701,151.83,1754600.0,2957606.0
2025-06-18 11:01:39.135529,151.83,1754600.0,2957606.0
2025-06-18 11:01:41.137291,151.78,1754600.0,2957606.0
2025-06-18 11:01:42.543683,151.78,1758511.0,2957250.0
2025-06-18 11:01:43.133925,151.83,1758511.0,2957250.0
2025-06-18 11:01:45.159684,151.8,1758511.0,2957250.0
2025-06-18 11:01:47.144875,151.83,1758511.0,2957250.0
2025-06-18 11:01:47.751733,151.83,1764735.0,2952058.0
2025-06-18 11:01:49.175876,151.83,1764735.0,2952058.0
2025-06-18 11:01:51.147511,151.8,1764735.0,2952058.0
2025-06-18 11:01:53.140280,151.78,1764735.0,2952058.0
2025-06-18 11:01:53.349619,151.78,1755735.0,2959511.0
2025-06-18 11:01:58.854444,151.83,1763050.0,2956678.0
2025-06-18 11:01:59.141888,151.78,1763050.0,2956678.0
2025-06-18 11:02:01.142234,151.78,1763050.0,2956678.0
2025-06-18 11:02:03.143357,151.83,1763050.0,2956678.0
2025-06-18 11:02:05.163635,151.83,1758133.0,2958595.0
2025-06-18 11:02:05.205397,151.77,1758133.0,2958595.0
2025-06-18 11:02:07.143698,151.83,1758133.0,2958595.0
2025-06-18 11:02:09.140024,151.83,1758133.0,2958595.0
2025-06-18 11:02:09.262483,151.83,1759544.0,2956662.0
2025-06-18 11:02:11.144435,151.78,1759544.0,2956662.0
2025-06-18 11:02:13.146734,151.78,1759544.0,2956662.0
2025-06-18 11:02:15.164454,151.77,1759505.0,2958627.0
2025-06-18 11:02:15.167798,151.77,1759505.0,2958627.0
2025-06-18 11:02:17.147597,151.83,1759505.0,2958627.0
2025-06-18 11:02:19.137971,151.82,1759505.0,2958627.0
2025-06-18 11:02:19.981301,151.77,1752919.0,2965632.0
2025-06-18 11:02:21.138836,151.76,1752919.0,2965632.0
2025-06-18 11:02:23.144482,151.81,1752919.0,2965632.0
2025-06-18 11:02:25.075901,151.77,1753469.0,2967844.0
2025-06-18 11:02:25.142371,151.77,1753469.0,2967844.0
2025-06-18 11:02:27.146538,151.8,1753469.0,2967844.0
2025-06-18 11:02:29.147408,151.77,1753469.0,2967844.0
2025-06-18 11:02:30.075345,151.78,1737245.0,2982502.0
2025-06-18 11:02:31.141234,151.77,1737245.0,2982502.0
2025-06-18 11:02:33.147448,151.77,1737245.0,2982502.0
2025-06-18 11:02:35.152633,151.8,1737245.0,2982502.0
2025-06-18 11:02:35.490965,151.8,1749036.0,2975098.0
2025-06-18 11:02:37.148956,151.77,1749036.0,2975098.0
2025-06-18 11:02:39.147489,151.8,1749036.0,2975098.0
2025-06-18 11:02:40.885644,151.77,1731785.0,2974296.0
2025-06-18 11:02:41.142392,151.77,1731785.0,2974296.0
2025-06-18 11:02:43.149838,151.8,1731785.0,2974296.0
2025-06-18 11:02:45.146273,151.77,1731785.0,2974296.0
2025-06-18 11:02:46.086694,151.8,1727557.0,2976271.0
2025-06-18 11:02:47.154082,151.8,1727557.0,2976271.0
2025-06-18 11:02:49.149348,151.8,1727557.0,2976271.0
2025-06-18 11:02:51.230009,151.8,1727557.0,2976271.0
2025-06-18 11:02:51.291805,151.8,1721148.0,2978915.0
2025-06-18 11:02:53.149936,151.8,1721148.0,2978915.0
2025-06-18 11:02:55.148590,151.8,1721148.0,2978915.0
2025-06-18 11:02:56.694771,151.8,1724338.0,2980142.0
2025-06-18 11:02:57.153903,151.8,1724338.0,2980142.0
2025-06-18 11:02:59.149680,151.8,1724338.0,2980142.0
2025-06-18 11:03:01.143766,151.77,1724338.0,2980142.0
2025-06-18 11:03:01.797988,151.77,1719974.0,2979089.0
2025-06-18 11:03:03.146200,151.79,1719974.0,2979089.0
2025-06-18 11:03:05.144804,151.8,1719974.0,2979089.0
2025-06-18 11:03:07.146994,151.77,1719974.0,2979089.0
2025-06-18 11:03:07.204177,151.77,1720487.0,2980384.0
2025-06-18 11:03:09.151828,151.77,1720487.0,2980384.0
2025-06-18 11:03:11.152135,151.8,1720487.0,2980384.0
2025-06-18 11:03:12.404071,151.8,1720919.0,2976013.0
2025-06-18 11:03:13.147255,151.8,1720919.0,2976013.0
2025-06-18 11:03:15.144589,151.8,1720919.0,2976013.0
2025-06-18 11:03:17.151807,151.71,1720919.0,2976013.0
2025-06-18 11:03:17.605167,151.75,1708979.0,2992672.0
2025-06-18 11:03:19.151404,151.75,1708979.0,2992672.0
2025-06-18 11:03:21.208998,151.75,1708979.0,2992672.0
2025-06-18 11:03:22.810292,151.77,1734008.0,2969260.0
2025-06-18 11:03:23.154285,151.8,1734008.0,2969260.0
2025-06-18 11:03:25.148706,151.84,1734008.0,2969260.0
2025-06-18 11:03:27.149913,151.8,1734008.0,2969260.0
2025-06-18 11:03:28.111432,151.8,1718609.0,2965474.0
2025-06-18 11:03:29.152455,151.84,1718609.0,2965474.0
2025-06-18 11:03:31.156424,151.75,1718609.0,2965474.0
2025-06-18 11:03:33.149984,151.8,1718609.0,2965474.0
2025-06-18 11:03:33.520478,151.8,1705316.0,2978399.0
2025-06-18 11:03:35.152014,151.75,1705316.0,2978399.0
2025-06-18 11:03:37.155377,151.83,1705316.0,2978399.0
2025-06-18 11:03:39.021171,151.83,1711600.0,2977255.0
2025-06-18 11:03:41.171231,151.81,1711600.0,2977255.0
2025-06-18 11:03:44.126489,151.81,1712860.0,2975240.0
2025-06-18 11:03:45.168773,151.8,1712860.0,2975240.0
2025-06-18 11:03:46.019914,151.8,1712860.0,2975240.0
2025-06-18 11:03:47.069385,151.8,1712860.0,2975240.0
2025-06-18 11:03:47.175141,151.76,1712860.0,2975240.0
2025-06-18 11:03:47.986124,151.76,1712860.0,2975240.0
2025-06-18 11:03:48.884839,151.76,1712860.0,2975240.0
2025-06-18 11:03:48.926707,151.8,1710985.0,2977078.0
2025-06-18 11:03:49.162781,151.8,1710985.0,2977078.0
2025-06-18 11:03:49.743106,151.8,1710985.0,2977078.0
2025-06-18 11:03:50.549146,151.8,1710985.0,2977078.0
2025-06-18 11:03:51.170490,151.8,1710985.0,2977078.0
2025-06-18 11:03:51.582025,151.8,1710985.0,2977078.0
2025-06-18 11:03:52.195939,151.8,1710985.0,2977078.0
2025-06-18 11:03:53.063266,151.8,1710985.0,2977078.0
2025-06-18 11:03:53.202059,151.76,1710985.0,2977078.0
2025-06-18 11:03:53.435996,151.76,1710985.0,2977078.0
2025-06-18 11:03:53.727023,151.76,1716277.0,2975729.0
2025-06-18 11:03:54.445545,151.76,1716277.0,2975729.0
2025-06-18 11:03:55.171670,151.8,1716277.0,2975729.0
2025-06-18 11:03:55.716257,151.8,1716277.0,2975729.0
2025-06-18 11:03:56.575215,151.8,1716277.0,2975729.0
2025-06-18 11:04:00.452631,151.75,1716277.0,2975729.0
2025-06-18 11:04:00.465536,151.75,1716277.0,2975729.0
2025-06-18 11:04:00.510542,151.76,1712864.0,2982347.0
2025-06-18 11:04:00.513118,151.76,1712864.0,2982347.0
2025-06-18 11:04:00.514039,151.76,1712864.0,2982347.0
2025-06-18 11:04:00.550569,151.76,1712864.0,2982347.0
2025-06-18 11:04:01.176533,151.82,1712864.0,2982347.0
2025-06-18 11:04:01.915153,151.82,1712864.0,2982347.0
2025-06-18 11:04:03.213520,151.82,1712864.0,2982347.0
2025-06-18 11:04:04.034328,151.76,1716049.0,2964522.0
2025-06-18 11:04:05.196754,151.76,1716049.0,2964522.0
2025-06-18 11:04:07.179866,151.82,1716049.0,2964522.0
2025-06-18 11:04:09.140701,151.81,1718288.0,2971915.0
2025-06-18 11:04:09.157169,151.81,1718288.0,2971915.0
2025-06-18 11:04:11.160237,151.81,1718288.0,2971915.0
2025-06-18 11:04:13.156350,151.8,1718288.0,2971915.0
2025-06-18 11:04:14.148699,151.81,1714351.0,2977238.0
2025-06-18 11:04:15.158251,151.76,1714351.0,2977238.0
2025-06-18 11:04:17.158517,151.76,1714351.0,2977238.0
2025-06-18 11:04:19.188568,151.82,1714351.0,2977238.0
2025-06-18 11:04:19.555347,151.82,1715121.0,2978578.0
2025-06-18 11:04:21.185802,151.81,1715121.0,2978578.0
2025-06-18 11:04:23.160025,151.8,1715121.0,2978578.0
2025-06-18 11:04:24.759293,151.81,1717786.0,2981037.0
2025-06-18 11:04:25.159003,151.81,1717786.0,2981037.0
2025-06-18 11:04:27.159039,151.83,1717786.0,2981037.0
2025-06-18 11:04:29.156553,151.77,1717786.0,2981037.0
2025-06-18 11:04:29.863543,151.77,1717765.0,2971291.0
2025-06-18 11:04:31.158734,151.8,1717765.0,2971291.0
2025-06-18 11:04:33.162543,151.77,1717765.0,2971291.0
2025-06-18 11:04:34.865370,151.83,1723508.0,2971641.0
2025-06-18 11:04:35.166372,151.83,1723508.0,2971641.0
2025-06-18 11:04:37.167926,151.82,1723508.0,2971641.0
2025-06-18 11:04:39.163270,151.85,1723508.0,2971641.0
2025-06-18 11:04:39.771738,151.85,1751622.0,2942176.0
2025-06-18 11:04:41.152922,151.85,1751622.0,2942176.0
2025-06-18 11:04:43.168516,151.85,1751622.0,2942176.0
2025-06-18 11:04:44.770272,151.87,1765062.0,2931268.0
2025-06-18 11:04:45.198419,151.85,1765062.0,2931268.0
2025-06-18 11:04:47.170376,151.9,1765062.0,2931268.0
2025-06-18 11:04:49.159212,151.9,1765062.0,2931268.0
2025-06-18 11:04:49.671904,151.9,1771293.0,2930966.0
2025-06-18 11:04:51.159512,151.9,1771293.0,2930966.0
2025-06-18 11:04:53.157365,151.9,1771293.0,2930966.0
2025-06-18 11:04:54.524424,151.9,1771437.0,2932682.0
2025-06-18 11:04:55.162805,151.9,1771437.0,2932682.0
2025-06-18 11:04:57.211320,151.9,1771437.0,2932682.0
2025-06-18 11:04:59.162491,151.85,1771437.0,2932682.0
2025-06-18 11:04:59.184138,151.85,1762341.0,2935916.0
2025-06-18 11:05:01.171354,151.89,1762341.0,2935916.0
2025-06-18 11:05:05.173518,151.85,1758888.0,2936601.0
2025-06-18 11:05:05.207121,151.85,1758888.0,2936601.0
2025-06-18 11:05:07.389255,151.89,1758888.0,2936601.0
2025-06-18 11:05:08.681447,151.89,1760155.0,2936977.0
2025-06-18 11:05:13.159103,151.88,1760155.0,2936977.0
2025-06-18 11:05:14.081967,151.88,1701587.0,2939946.0
2025-06-18 11:05:15.162321,151.88,1701587.0,2939946.0
2025-06-18 11:05:17.168385,151.87,1701587.0,2939946.0
2025-06-18 11:05:19.194834,151.85,1701587.0,2939946.0
2025-06-18 11:05:19.588045,151.85,1757022.0,2944002.0
2025-06-18 11:05:21.186265,151.81,1757022.0,2944002.0
2025-06-18 11:05:23.203541,151.86,1757022.0,2944002.0
2025-06-18 11:05:24.587615,151.86,1756352.0,2944025.0
2025-06-18 11:05:25.156103,151.86,1756352.0,2944025.0
2025-06-18 11:05:27.173022,151.83,1756352.0,2944025.0
2025-06-18 11:05:29.165750,151.86,1756352.0,2944025.0
2025-06-18 11:05:29.392776,151.86,1755817.0,2944102.0
2025-06-18 11:05:31.164853,151.83,1755817.0,2944102.0
2025-06-18 11:05:33.204873,151.84,1755817.0,2944102.0
2025-06-18 11:05:35.172993,151.84,1746074.0,2964478.0
2025-06-18 11:05:35.212096,151.78,1746074.0,2964478.0
2025-06-18 11:05:37.170876,151.8,1746074.0,2964478.0
2025-06-18 11:05:40.009540,151.8,1744663.0,2970403.0
2025-06-18 11:05:41.166707,151.8,1744663.0,2970403.0
2025-06-18 11:05:43.163697,151.8,1744663.0,2970403.0
2025-06-18 11:05:45.007635,151.8,1745575.0,2970446.0
2025-06-18 11:05:47.188561,151.76,1745575.0,2970446.0
2025-06-18 11:05:49.169732,151.8,1745575.0,2970446.0
2025-06-18 11:05:50.009842,151.8,1736656.0,2979249.0
2025-06-18 11:05:51.170893,151.8,1736656.0,2979249.0
2025-06-18 11:05:53.161603,151.76,1736656.0,2979249.0
2025-06-18 11:05:55.165403,151.8,1736656.0,2979249.0
2025-06-18 11:05:55.211461,151.8,1739860.0,2979551.0
2025-06-18 11:05:57.181729,151.76,1739860.0,2979551.0
2025-06-18 11:05:59.166054,151.8,1739860.0,2979551.0
2025-06-18 11:06:00.115279,151.8,1740085.0,2978162.0
2025-06-18 11:06:01.166831,151.76,1740085.0,2978162.0
2025-06-18 11:06:03.162907,151.76,1740085.0,2978162.0
2025-06-18 11:06:04.825383,151.76,1739657.0,2979254.0
2025-06-18 11:06:07.168342,151.76,1739657.0,2979254.0
2025-06-18 11:06:09.168570,151.8,1739657.0,2979254.0
2025-06-18 11:06:09.719788,151.8,1736001.0,2982102.0
2025-06-18 11:06:11.207274,151.8,1736001.0,2982102.0
2025-06-18 11:06:13.191077,151.8,1736001.0,2982102.0
2025-06-18 11:06:14.721531,151.8,1736102.0,2978863.0
2025-06-18 11:06:15.168216,151.8,1736102.0,2978863.0
2025-06-18 11:06:17.167979,151.76,1736102.0,2978863.0
2025-06-18 11:06:19.162823,151.8,1736102.0,2978863.0
2025-06-18 11:06:19.824894,151.76,1734141.0,2981000.0
2025-06-18 11:06:21.161063,151.76,1734141.0,2981000.0
2025-06-18 11:06:23.169626,151.79,1734141.0,2981000.0
2025-06-18 11:06:24.729515,151.79,1735196.0,2978575.0
2025-06-18 11:06:25.174300,151.77,1735196.0,2978575.0
2025-06-18 11:06:27.166248,151.79,1735196.0,2978575.0
2025-06-18 11:06:29.163452,151.76,1735196.0,2978575.0
2025-06-18 11:06:29.530341,151.76,1735624.0,2979858.0
2025-06-18 11:06:31.192989,151.79,1735624.0,2979858.0
2025-06-18 11:06:33.168962,151.79,1735624.0,2979858.0
2025-06-18 11:06:34.224869,151.76,1733491.0,2999508.0
2025-06-18 11:06:35.189109,151.76,1733491.0,2999508.0
2025-06-18 11:06:37.167067,151.79,1733491.0,2999508.0
2025-06-18 11:06:39.142641,151.79,1735390.0,2996153.0
2025-06-18 11:06:39.169638,151.79,1735390.0,2996153.0
2025-06-18 11:06:41.164167,151.76,1735390.0,2996153.0
2025-06-18 11:06:43.169783,151.76,1735390.0,2996153.0
2025-06-18 11:06:44.146262,151.76,1735494.0,2997453.0
2025-06-18 11:06:45.164295,151.76,1735494.0,2997453.0
2025-06-18 11:06:46.720663,151.76,1735494.0,2997453.0
2025-06-18 11:06:47.169495,151.76,1735494.0,2997453.0
2025-06-18 11:06:47.609384,151.76,1735494.0,2997453.0
2025-06-18 11:06:48.545560,151.76,1735494.0,2997453.0
2025-06-18 11:06:49.043277,151.76,1732589.0,3001179.0
2025-06-18 11:06:49.760250,151.76,1732589.0,3001179.0
2025-06-18 11:06:49.762952,151.76,1732589.0,3001179.0
2025-06-18 11:06:50.279065,151.76,1732589.0,3001179.0
2025-06-18 11:06:51.048330,151.76,1732589.0,3001179.0
2025-06-18 11:06:51.159404,151.78,1732589.0,3001179.0
2025-06-18 11:06:52.033880,151.78,1732589.0,3001179.0
2025-06-18 11:06:53.166343,151.76,1732589.0,3001179.0
2025-06-18 11:06:53.511387,151.76,1732589.0,3001179.0
2025-06-18 11:06:54.047882,151.76,1731688.0,3000026.0
2025-06-18 11:06:54.752218,151.76,1731688.0,3000026.0
2025-06-18 11:06:55.164634,151.78,1731688.0,3000026.0
2025-06-18 11:06:56.235110,151.78,1731688.0,3000026.0
2025-06-18 11:06:57.097930,151.78,1731688.0,3000026.0
2025-06-18 11:06:57.161911,151.76,1731688.0,3000026.0
2025-06-18 11:06:58.513525,151.76,1731688.0,3000026.0
2025-06-18 11:06:58.948629,151.76,1731647.0,2999172.0
2025-06-18 11:06:59.162764,151.76,1731647.0,2999172.0
2025-06-18 11:06:59.662608,151.76,1731647.0,2999172.0
2025-06-18 11:07:00.819178,151.76,1731647.0,2999172.0
2025-06-18 11:07:01.162013,151.76,1731647.0,2999172.0
2025-06-18 11:07:02.277246,151.76,1731647.0,2999172.0
2025-06-18 11:07:03.164494,151.78,1731647.0,2999172.0
2025-06-18 11:07:05.076672,151.76,1735072.0,2999754.0
2025-06-18 11:07:05.171222,151.76,1735072.0,2999754.0
2025-06-18 11:07:07.162343,151.75,1735072.0,2999754.0
2025-06-18 11:07:10.528476,151.73,1699586.0,3029325.0
2025-06-18 11:07:10.578889,151.73,1699586.0,3029325.0
2025-06-18 11:07:13.178365,151.73,1699586.0,3029325.0
2025-06-18 11:07:14.760703,151.7,1699269.0,3029803.0
2025-06-18 11:07:16.175500,151.7,1699269.0,3029803.0
2025-06-18 11:07:19.168099,151.73,1699269.0,3029803.0
2025-06-18 11:07:20.062143,151.7,1697940.0,3025642.0
2025-06-18 11:07:22.232500,151.7,1697940.0,3025642.0
2025-06-18 11:07:25.069640,151.76,1720644.0,3009839.0
2025-06-18 11:07:25.166862,151.7,1720644.0,3009839.0
2025-06-18 11:07:27.175756,151.7,1720644.0,3009839.0
2025-06-18 11:07:29.179912,151.7,1720644.0,3009839.0
2025-06-18 11:07:29.900501,151.7,1710404.0,3018629.0
2025-06-18 11:07:31.177517,151.72,1710404.0,3018629.0
2025-06-18 11:07:33.174159,151.75,1710404.0,3018629.0
2025-06-18 11:07:34.869176,151.75,1713599.0,3016964.0
2025-06-18 11:07:35.164398,151.75,1713599.0,3016964.0
2025-06-18 11:07:37.173550,151.7,1713599.0,3016964.0
2025-06-18 11:07:39.209512,151.7,1713599.0,3016964.0
2025-06-18 11:07:39.876286,151.73,1706978.0,3025864.0
2025-06-18 11:07:41.173284,151.73,1706978.0,3025864.0
2025-06-18 11:07:43.173885,151.7,1706978.0,3025864.0
2025-06-18 11:07:45.174019,151.7,1706978.0,3025864.0
2025-06-18 11:07:45.273185,151.7,1704223.0,3032852.0
2025-06-18 11:07:47.180019,151.7,1704223.0,3032852.0
2025-06-18 11:07:50.379266,151.7,1703970.0,3035199.0
2025-06-18 11:07:52.181472,151.7,1703970.0,3035199.0
2025-06-18 11:07:55.167642,151.67,1703970.0,3035199.0
2025-06-18 11:07:55.375370,151.67,1697943.0,3041978.0
2025-06-18 11:07:58.190465,151.67,1697943.0,3041978.0
2025-06-18 11:08:00.438203,151.68,1697943.0,3041978.0
2025-06-18 11:08:00.482773,151.68,1702115.0,3021875.0
2025-06-18 11:08:02.198543,151.73,1702115.0,3021875.0
2025-06-18 11:08:04.185685,151.67,1702115.0,3021875.0
2025-06-18 11:08:05.786202,151.7,1702185.0,3028452.0
2025-06-18 11:08:06.177503,151.72,1702185.0,3028452.0
2025-06-18 11:08:08.183583,151.74,1702185.0,3028452.0
2025-06-18 11:08:10.194266,151.74,1702185.0,3028452.0
2025-06-18 11:08:11.095420,151.74,1687583.0,3044005.0
2025-06-18 11:08:14.197821,151.66,1687583.0,3044005.0
2025-06-18 11:08:16.199920,151.71,1687583.0,3044005.0
2025-06-18 11:08:16.696809,151.71,1694576.0,3047029.0
2025-06-18 11:08:20.496200,151.65,1694576.0,3047029.0
2025-06-18 11:08:20.567748,151.74,1694576.0,3047029.0
2025-06-18 11:08:21.595747,151.7,1698125.0,3025735.0
2025-06-18 11:08:22.175648,151.74,1698125.0,3025735.0
2025-06-18 11:08:25.172094,151.69,1698125.0,3025735.0
2025-06-18 11:08:27.200540,151.69,1691455.0,3042904.0
2025-06-18 11:08:28.175290,151.69,1691455.0,3042904.0
2025-06-18 11:08:32.177087,151.69,1691455.0,3042904.0
2025-06-18 11:08:32.707966,151.74,1702233.0,3032990.0
2025-06-18 11:08:34.174699,151.74,1702233.0,3032990.0
2025-06-18 11:08:36.175417,151.67,1702233.0,3032990.0
2025-06-18 11:08:38.035463,151.73,1701409.0,3034269.0
2025-06-18 11:08:38.177201,151.73,1701409.0,3034269.0
2025-06-18 11:08:40.190925,151.69,1701409.0,3034269.0
2025-06-18 11:08:42.184031,151.73,1701409.0,3034269.0
2025-06-18 11:08:43.210017,151.73,1699500.0,3035483.0
2025-06-18 11:08:44.185121,151.69,1699500.0,3035483.0
2025-06-18 11:08:46.203293,151.67,1699500.0,3035483.0
2025-06-18 11:08:48.413790,151.72,1703565.0,3038896.0
2025-06-18 11:08:50.171924,151.72,1703565.0,3038896.0
2025-06-18 11:08:52.177516,151.68,1703565.0,3038896.0
2025-06-18 11:08:53.711890,151.72,1707142.0,3035992.0
2025-06-18 11:08:54.178039,151.72,1707142.0,3035992.0
2025-06-18 11:08:56.182475,151.64,1707142.0,3035992.0
2025-06-18 11:08:58.174529,151.67,1707142.0,3035992.0
2025-06-18 11:08:58.915903,151.66,1713589.0,3022378.0
2025-06-18 11:09:00.173157,151.61,1713589.0,3022378.0
2025-06-18 11:09:02.211292,151.69,1713589.0,3022378.0
2025-06-18 11:09:03.618423,151.66,1713611.0,3025686.0
2025-06-18 11:09:04.179249,151.66,1713611.0,3025686.0
2025-06-18 11:09:06.174889,151.71,1713611.0,3025686.0
2025-06-18 11:09:08.175805,151.66,1713611.0,3025686.0
2025-06-18 11:09:08.721633,151.66,1704993.0,3021023.0
2025-06-18 11:09:10.176308,151.66,1704993.0,3021023.0
2025-06-18 11:09:12.170829,151.72,1704993.0,3021023.0
2025-06-18 11:09:14.347369,151.75,1704993.0,3021023.0
2025-06-18 11:09:14.424398,151.72,1728524.0,2993763.0
2025-06-18 11:09:16.171282,151.84,1728524.0,2993763.0
2025-06-18 11:09:18.872103,151.79,1728524.0,2993763.0
2025-06-18 11:09:20.127456,151.73,1747549.0,3001367.0
2025-06-18 11:09:20.198162,151.73,1747549.0,3001367.0
2025-06-18 11:09:22.168039,151.73,1747549.0,3001367.0
2025-06-18 11:09:25.429364,151.72,1745054.0,2996829.0
2025-06-18 11:09:26.181333,151.75,1745054.0,2996829.0
2025-06-18 11:09:28.183254,151.75,1745054.0,2996829.0
2025-06-18 11:09:30.181628,151.75,1745054.0,2996829.0
2025-06-18 11:09:30.734716,151.71,1751659.0,2996989.0
2025-06-18 11:09:32.181751,151.75,1751659.0,2996989.0
2025-06-18 11:09:34.177335,151.75,1751659.0,2996989.0
2025-06-18 11:09:36.038725,151.73,1751411.0,2998839.0
2025-06-18 11:09:36.175160,151.73,1751411.0,2998839.0
2025-06-18 11:09:38.206471,151.83,1751411.0,2998839.0
2025-06-18 11:09:40.172710,151.76,1751411.0,2998839.0
2025-06-18 11:09:41.340368,151.76,1771530.0,2984672.0
2025-06-18 11:09:42.181781,151.76,1771530.0,2984672.0
2025-06-18 11:09:44.192177,151.8,1771530.0,2984672.0
2025-06-18 11:09:46.255077,151.75,1771530.0,2984672.0
2025-06-18 11:09:46.647244,151.75,1777677.0,2973989.0
2025-06-18 11:09:47.187510,151.75,1777677.0,2973989.0
2025-06-18 11:09:48.207585,151.75,1777677.0,2973989.0
2025-06-18 11:09:49.095965,151.75,1777677.0,2973989.0
2025-06-18 11:09:50.018792,151.75,1777677.0,2973989.0
2025-06-18 11:09:50.172583,151.78,1777677.0,2973989.0
2025-06-18 11:09:50.858945,151.78,1777677.0,2973989.0
2025-06-18 11:09:51.633281,151.78,1777677.0,2973989.0
2025-06-18 11:09:51.945612,151.78,1765540.0,3012106.0
2025-06-18 11:09:52.176927,151.78,1765540.0,3012106.0
2025-06-18 11:09:52.632605,151.78,1765540.0,3012106.0
2025-06-18 11:09:53.206498,151.78,1765540.0,3012106.0
2025-06-18 11:09:54.086263,151.78,1765540.0,3012106.0
2025-06-18 11:09:54.203897,151.76,1765540.0,3012106.0
2025-06-18 11:09:54.458277,151.76,1765540.0,3012106.0
2025-06-18 11:09:55.345731,151.76,1765540.0,3012106.0
2025-06-18 11:09:56.175223,151.77,1765540.0,3012106.0
2025-06-18 11:09:56.578809,151.77,1765540.0,3012106.0
2025-06-18 11:09:57.344829,151.77,1773234.0,2976506.0
2025-06-18 11:09:57.559030,151.77,1773234.0,2976506.0
2025-06-18 11:09:58.179875,151.82,1773234.0,2976506.0
2025-06-18 11:09:58.969199,151.82,1773234.0,2976506.0
2025-06-18 11:10:00.115194,151.82,1773234.0,2976506.0
2025-06-18 11:10:00.174766,151.77,1773234.0,2976506.0
2025-06-18 11:10:01.239053,151.77,1773234.0,2976506.0
2025-06-18 11:10:01.652390,151.82,1775655.0,2979007.0
2025-06-18 11:10:02.174652,151.82,1775655.0,2979007.0
2025-06-18 11:10:02.712389,151.82,1775655.0,2979007.0
2025-06-18 11:10:02.752216,151.82,1775657.0,2978376.0
2025-06-18 11:10:03.747898,151.82,1775657.0,2979094.0
2025-06-18 11:10:04.171323,151.82,1775657.0,2979094.0
2025-06-18 11:10:04.850054,151.82,1773207.0,2980654.0
2025-06-18 11:10:05.958135,151.82,1773137.0,2980329.0
2025-06-18 11:10:07.052425,151.78,1778978.0,2973925.0
2025-06-18 11:10:07.177890,151.78,1778978.0,2973925.0
2025-06-18 11:10:09.453245,151.82,1781004.0,2976289.0
2025-06-18 11:10:09.456084,151.82,1781004.0,2976289.0
2025-06-18 11:10:09.510954,151.82,1778940.0,2975824.0
2025-06-18 11:10:09.513243,151.82,1778940.0,2975824.0
2025-06-18 11:10:10.162574,151.81,1778606.0,2975550.0
2025-06-18 11:10:10.187083,151.81,1778606.0,2975550.0
2025-06-18 11:10:11.053328,151.82,1781272.0,2974373.0
2025-06-18 11:10:11.188114,151.82,1781272.0,2974373.0
2025-06-18 11:10:12.156811,151.81,1781243.0,2975050.0
2025-06-18 11:10:12.174651,151.81,1781243.0,2975050.0
2025-06-18 11:10:13.058827,151.8,1780744.0,2975050.0
2025-06-18 11:10:13.180432,151.8,1780744.0,2975050.0
2025-06-18 11:10:14.162845,151.8,1780352.0,2975188.0
2025-06-18 11:10:14.181366,151.8,1780352.0,2975188.0
2025-06-18 11:10:15.161711,151.8,1779740.0,2976613.0
2025-06-18 11:10:16.176726,151.81,1779740.0,2976613.0
2025-06-18 11:10:16.270625,151.82,1793083.0,2960422.0
2025-06-18 11:10:17.185694,151.82,1793083.0,2960422.0
2025-06-18 11:10:17.255230,151.8,1784018.0,2966067.0
2025-06-18 11:10:18.177293,151.8,1784018.0,2966067.0
2025-06-18 11:10:18.356797,151.8,1784774.0,2968027.0
2025-06-18 11:10:19.174807,151.79,1784774.0,2968027.0
2025-06-18 11:10:19.457765,151.78,1784207.0,2968985.0
2025-06-18 11:10:20.174247,151.82,1784207.0,2968985.0
2025-06-18 11:10:20.456880,151.82,1784158.0,2968066.0
2025-06-18 11:10:21.188632,151.78,1784158.0,2968066.0
2025-06-18 11:10:21.554422,151.78,1784137.0,2968855.0
2025-06-18 11:10:22.456291,151.78,1784535.0,2968432.0
2025-06-18 11:10:23.176447,151.82,1784535.0,2968432.0
2025-06-18 11:10:23.456540,151.82,1784539.0,2967025.0
2025-06-18 11:10:24.184647,151.82,1784539.0,2967025.0
2025-06-18 11:10:24.454947,151.82,1784539.0,2968595.0
2025-06-18 11:10:25.179507,151.82,1784539.0,2968595.0
2025-06-18 11:10:25.456910,151.82,1783640.0,2973244.0
2025-06-18 11:10:26.179207,151.8,1783640.0,2973244.0
2025-06-18 11:10:26.454725,151.8,1784223.0,2973887.0
2025-06-18 11:10:27.184140,151.8,1784223.0,2973887.0
2025-06-18 11:10:27.357108,151.8,1783310.0,2975096.0
2025-06-18 11:10:28.185533,151.8,1783310.0,2975096.0
2025-06-18 11:10:28.358034,151.8,1783250.0,2974413.0
2025-06-18 11:10:29.176702,151.8,1783250.0,2974413.0
2025-06-18 11:10:29.358196,151.8,1783251.0,2974838.0
2025-06-18 11:10:30.360192,151.78,1783621.0,2975416.0
2025-06-18 11:10:31.185159,151.78,1783621.0,2975416.0
2025-06-18 11:10:31.265081,151.78,1783240.0,2974996.0
2025-06-18 11:10:32.177821,151.8,1783240.0,2974996.0
2025-06-18 11:10:32.264902,151.8,1788840.0,2974238.0
2025-06-18 11:10:33.175475,151.79,1788840.0,2974238.0
2025-06-18 11:10:33.362985,151.79,1789201.0,2974302.0
2025-06-18 11:10:34.181530,151.78,1789201.0,2974302.0
2025-06-18 11:10:34.365942,151.78,1782223.0,2965424.0
2025-06-18 11:10:35.176673,151.8,1782223.0,2965424.0
2025-06-18 11:10:35.266501,151.8,1782231.0,2968589.0
2025-06-18 11:10:36.172915,151.8,1782231.0,2968589.0
2025-06-18 11:10:36.365626,151.8,1782359.0,2971240.0
2025-06-18 11:10:37.365130,151.8,1782182.0,2973116.0
2025-06-18 11:10:38.176873,151.78,1782182.0,2973116.0
2025-06-18 11:10:38.269326,151.78,1782231.0,2973113.0
2025-06-18 11:10:39.172843,151.78,1782231.0,2973113.0
2025-06-18 11:10:39.369600,151.78,1784538.0,2974350.0
2025-06-18 11:10:40.368610,151.78,1785014.0,2978812.0
2025-06-18 11:10:41.371382,151.78,1783146.0,2980778.0
2025-06-18 11:10:42.179512,151.78,1783146.0,2980778.0
2025-06-18 11:10:42.370183,151.79,1776800.0,2981077.0
2025-06-18 11:10:43.176787,151.79,1776800.0,2981077.0
2025-06-18 11:10:43.471191,151.79,1776259.0,2980676.0
2025-06-18 11:10:44.471350,151.79,1776624.0,2981353.0
2025-06-18 11:10:45.173616,151.79,1776624.0,2981353.0
2025-06-18 11:10:45.371017,151.79,1774228.0,2981733.0
2025-06-18 11:10:46.473322,151.77,1756784.0,2999667.0
2025-06-18 11:10:47.174390,151.77,1756784.0,2999667.0
2025-06-18 11:10:47.574097,151.77,1758914.0,3016210.0
2025-06-18 11:10:48.676501,151.75,1758198.0,3016223.0
2025-06-18 11:10:49.175705,151.76,1758198.0,3016223.0
2025-06-18 11:10:49.676343,151.76,1754061.0,3018782.0
2025-06-18 11:10:50.179377,151.77,1754061.0,3018782.0
2025-06-18 11:10:50.776420,151.78,1753000.0,3017708.0
2025-06-18 11:10:51.177003,151.75,1753000.0,3017708.0
2025-06-18 11:10:51.884198,151.75,1732052.0,3033218.0
2025-06-18 11:10:52.981223,151.75,1735140.0,3031643.0
2025-06-18 11:10:53.978574,151.72,1735720.0,3031434.0
2025-06-18 11:10:54.183571,151.72,1735720.0,3031434.0
2025-06-18 11:10:54.981383,151.74,1736158.0,3025613.0
2025-06-18 11:10:55.178413,151.74,1736158.0,3025613.0
2025-06-18 11:10:56.090022,151.72,1736979.0,3025274.0
2025-06-18 11:10:56.173490,151.72,1736979.0,3025274.0
2025-06-18 11:10:56.983086,151.72,1737567.0,3025701.0
2025-06-18 11:10:57.171647,151.72,1737567.0,3025701.0
2025-06-18 11:10:57.985440,151.72,1735944.0,3026997.0
2025-06-18 11:10:59.088594,151.74,1730458.0,3023724.0
2025-06-18 11:10:59.172571,151.74,1730458.0,3023724.0
2025-06-18 11:10:59.983123,151.7,1710058.0,3033848.0
2025-06-18 11:11:00.173736,151.74,1710058.0,3033848.0
2025-06-18 11:11:00.886422,151.78,1733422.0,3001382.0
2025-06-18 11:11:02.204267,151.78,1733422.0,3001382.0
2025-06-18 11:11:04.175712,151.77,1733422.0,3001382.0
2025-06-18 11:11:06.181527,151.7,1733422.0,3001382.0
2025-06-18 11:11:06.195976,151.7,1737673.0,3006341.0
2025-06-18 11:11:08.187531,151.76,1737673.0,3006341.0
2025-06-18 11:11:10.178189,151.69,1737673.0,3006341.0
2025-06-18 11:11:11.597180,151.72,1673533.0,3025900.0
2025-06-18 11:11:12.182399,151.72,1673533.0,3025900.0
2025-06-18 11:11:14.196421,151.7,1673533.0,3025900.0
2025-06-18 11:11:16.176315,151.74,1673533.0,3025900.0
2025-06-18 11:11:17.010939,151.74,1736964.0,3026219.0
2025-06-18 11:11:18.193059,151.74,1736964.0,3026219.0
2025-06-18 11:11:20.183364,151.7,1736964.0,3026219.0
2025-06-18 11:11:22.103150,151.74,1733939.0,3018613.0
2025-06-18 11:11:22.186885,151.74,1733939.0,3018613.0
2025-06-18 11:11:24.180379,151.74,1733939.0,3018613.0
2025-06-18 11:11:26.185709,151.74,1733939.0,3018613.0
2025-06-18 11:11:27.200596,151.74,1735877.0,3017499.0
2025-06-18 11:11:28.199878,151.74,1735877.0,3017499.0
2025-06-18 11:11:30.179612,151.74,1735877.0,3017499.0
2025-06-18 11:11:32.188331,151.7,1735877.0,3017499.0
2025-06-18 11:11:32.405510,151.7,1736220.0,3019226.0
2025-06-18 11:11:34.180841,151.74,1736220.0,3019226.0
2025-06-18 11:11:36.182498,151.69,1736220.0,3019226.0
2025-06-18 11:11:37.310570,151.74,1734006.0,3020929.0
2025-06-18 11:11:38.188012,151.72,1734006.0,3020929.0
2025-06-18 11:11:40.179251,151.72,1734006.0,3020929.0
2025-06-18 11:11:42.190515,151.72,1734006.0,3020929.0
2025-06-18 11:11:42.310487,151.72,1730478.0,3029482.0
2025-06-18 11:11:44.204095,151.73,1730478.0,3029482.0
2025-06-18 11:11:47.540860,151.72,1728634.0,3031369.0
2025-06-18 11:11:48.204232,151.72,1728634.0,3031369.0
2025-06-18 11:11:50.195289,151.7,1728634.0,3031369.0
2025-06-18 11:11:52.220358,151.72,1728634.0,3031369.0
2025-06-18 11:11:52.529408,151.72,1730132.0,3022969.0
2025-06-18 11:11:54.202621,151.68,1730132.0,3022969.0
2025-06-18 11:11:56.190260,151.72,1730132.0,3022969.0
2025-06-18 11:11:57.625345,151.68,1726012.0,3024178.0
2025-06-18 11:11:58.421319,151.7,1726012.0,3024178.0
2025-06-18 11:12:00.181892,151.74,1726012.0,3024178.0
2025-06-18 11:12:02.334872,151.74,1726012.0,3024178.0
2025-06-18 11:12:02.339195,151.74,1741314.0,2996864.0
2025-06-18 11:12:04.183798,151.74,1741314.0,2996864.0
2025-06-18 11:12:06.181460,151.74,1741314.0,2996864.0
2025-06-18 11:12:07.130472,151.74,1739089.0,2997403.0
2025-06-18 11:12:08.183449,151.74,1739089.0,2997403.0
2025-06-18 11:12:10.191085,151.78,1739089.0,2997403.0
2025-06-18 11:12:12.139491,151.74,1739894.0,2999795.0
2025-06-18 11:12:12.199013,151.74,1739894.0,2999795.0
2025-06-18 11:12:14.185675,151.74,1739894.0,2999795.0
2025-06-18 11:12:16.182683,151.72,1739894.0,2999795.0
2025-06-18 11:12:17.436398,151.74,1728751.0,3023795.0
2025-06-18 11:12:18.213172,151.74,1728751.0,3023795.0
2025-06-18 11:12:20.179120,151.74,1728751.0,3023795.0
2025-06-18 11:12:22.180913,151.66,1728751.0,3023795.0
2025-06-18 11:12:22.647304,151.7,1716686.0,3031942.0
2025-06-18 11:12:24.186745,151.66,1716686.0,3031942.0
2025-06-18 11:12:26.184188,151.7,1716686.0,3031942.0
2025-06-18 11:12:27.556117,151.7,1695688.0,3033655.0
2025-06-18 11:12:28.181529,151.7,1695688.0,3033655.0
2025-06-18 11:12:30.191740,151.67,1695688.0,3033655.0
2025-06-18 11:12:32.208177,151.67,1695688.0,3033655.0
2025-06-18 11:12:32.657266,151.67,1702316.0,3040273.0
2025-06-18 11:12:34.185746,151.68,1702316.0,3040273.0
2025-06-18 11:12:36.204737,151.62,1702316.0,3040273.0
2025-06-18 11:12:37.957733,151.61,1696809.0,3045459.0
2025-06-18 11:12:38.187331,151.61,1696809.0,3045459.0
2025-06-18 11:12:40.185177,151.68,1696809.0,3045459.0
2025-06-18 11:12:42.182947,151.68,1696809.0,3045459.0
2025-06-18 11:12:43.166377,151.68,1700009.0,3043250.0
2025-06-18 11:12:44.183034,151.68,1700009.0,3043250.0
2025-06-18 11:12:46.182515,151.68,1700009.0,3043250.0
2025-06-18 11:12:47.557234,151.68,1700009.0,3043250.0
2025-06-18 11:12:48.061111,151.67,1698515.0,3048772.0
2025-06-18 11:12:48.184998,151.67,1698515.0,3048772.0
2025-06-18 11:12:48.621161,151.67,1698515.0,3048772.0
2025-06-18 11:12:49.529542,151.67,1698515.0,3048772.0
2025-06-18 11:12:50.187725,151.68,1698515.0,3048772.0
2025-06-18 11:12:50.456750,151.68,1698515.0,3048772.0
2025-06-18 11:12:51.311327,151.68,1698515.0,3048772.0
2025-06-18 11:12:52.072896,151.68,1698515.0,3048772.0
2025-06-18 11:12:52.183451,151.67,1698515.0,3048772.0
2025-06-18 11:12:53.064057,151.67,1698515.0,3048772.0
2025-06-18 11:12:53.566925,151.67,1711318.0,3049193.0
2025-06-18 11:12:53.628906,151.67,1711318.0,3049193.0
2025-06-18 11:12:54.037052,151.67,1711318.0,3049193.0
2025-06-18 11:12:54.186190,151.67,1711318.0,3049193.0
2025-06-18 11:12:54.520123,151.67,1711318.0,3049193.0
2025-06-18 11:12:55.759143,151.67,1711318.0,3049193.0
2025-06-18 11:12:56.185340,151.67,1711318.0,3049193.0
2025-06-18 11:12:57.000858,151.67,1711318.0,3049193.0
2025-06-18 11:12:57.880786,151.67,1711318.0,3049193.0
2025-06-18 11:12:58.190278,151.68,1711318.0,3049193.0
2025-06-18 11:12:59.182069,151.68,1707298.0,3050002.0
2025-06-18 11:12:59.252630,151.68,1707298.0,3050002.0
2025-06-18 11:13:00.194069,151.67,1707298.0,3050002.0
2025-06-18 11:13:00.390332,151.67,1707298.0,3050002.0
2025-06-18 11:13:01.568805,151.67,1707298.0,3050002.0
2025-06-18 11:13:02.184119,151.68,1707298.0,3050002.0
2025-06-18 11:13:03.029332,151.68,1707298.0,3050002.0
2025-06-18 11:13:04.174116,151.71,1710323.0,3045512.0
2025-06-18 11:13:04.188421,151.71,1710323.0,3045512.0
2025-06-18 11:13:06.186233,151.65,1710323.0,3045512.0
2025-06-18 11:13:08.184926,151.65,1710323.0,3045512.0
2025-06-18 11:13:09.078022,151.65,1708020.0,3050789.0
2025-06-18 11:13:10.185212,151.65,1708020.0,3050789.0
2025-06-18 11:13:12.189027,151.69,1708020.0,3050789.0
2025-06-18 11:13:13.878889,151.69,1707897.0,3046466.0
2025-06-18 11:13:14.187568,151.69,1707897.0,3046466.0
2025-06-18 11:13:16.191444,151.69,1707897.0,3046466.0
2025-06-18 11:13:18.192889,151.69,1707897.0,3046466.0
2025-06-18 11:13:18.682898,151.69,1708764.0,3046537.0
2025-06-18 11:13:20.188767,151.65,1708764.0,3046537.0
2025-06-18 11:13:22.191033,151.69,1708764.0,3046537.0
2025-06-18 11:13:23.588926,151.69,1709187.0,3045536.0
2025-06-18 11:13:24.189724,151.65,1709187.0,3045536.0
2025-06-18 11:13:26.188541,151.67,1709187.0,3045536.0
2025-06-18 11:13:28.186061,151.65,1709187.0,3045536.0
2025-06-18 11:13:28.588878,151.65,1708545.0,3045724.0
2025-06-18 11:13:30.191383,151.69,1708545.0,3045724.0
2025-06-18 11:13:33.590821,151.69,1707086.0,3043947.0
2025-06-18 11:13:34.191412,151.69,1707086.0,3043947.0
2025-06-18 11:13:36.189500,151.74,1707086.0,3043947.0
2025-06-18 11:13:38.187985,151.71,1707086.0,3043947.0
2025-06-18 11:13:38.695423,151.69,1715752.0,3005223.0
2025-06-18 11:13:40.193230,151.75,1715752.0,3005223.0
2025-06-18 11:13:42.190012,151.75,1715752.0,3005223.0
2025-06-18 11:13:43.800318,151.75,1723213.0,3000914.0
2025-06-18 11:13:46.192920,151.71,1723213.0,3000914.0
2025-06-18 11:13:48.189204,151.71,1723213.0,3000914.0
2025-06-18 11:13:48.800256,151.71,1724831.0,3003200.0
2025-06-18 11:13:50.200020,151.75,1724831.0,3003200.0
2025-06-18 11:13:52.191605,151.73,1724831.0,3003200.0
2025-06-18 11:13:53.602688,151.75,1752537.0,2984237.0
2025-06-18 11:13:54.192364,151.72,1752537.0,2984237.0
2025-06-18 11:13:56.191224,151.73,1752537.0,2984237.0
2025-06-18 11:13:58.189417,151.73,1752537.0,2984237.0
2025-06-18 11:13:59.105176,151.73,1744969.0,2986486.0
2025-06-18 11:14:00.191629,151.75,1744969.0,2986486.0
2025-06-18 11:14:02.190286,151.75,1744969.0,2986486.0
2025-06-18 11:14:04.012790,151.83,1773777.0,2964339.0
2025-06-18 11:14:04.194532,151.83,1773777.0,2964339.0
2025-06-18 11:14:06.190174,151.82,1773777.0,2964339.0
2025-06-18 11:14:09.019734,151.75,1774345.0,2982240.0
2025-06-18 11:14:10.191663,151.75,1774345.0,2982240.0
2025-06-18 11:14:12.190029,151.74,1774345.0,2982240.0
2025-06-18 11:14:14.023367,151.79,1772117.0,2985930.0
2025-06-18 11:14:14.193778,151.79,1772117.0,2985930.0
2025-06-18 11:14:16.201521,151.75,1772117.0,2985930.0
2025-06-18 11:14:18.194601,151.75,1772117.0,2985930.0
2025-06-18 11:14:19.032956,151.79,1777268.0,2982640.0
2025-06-18 11:14:20.190886,151.73,1777268.0,2982640.0
2025-06-18 11:14:22.239139,151.79,1777268.0,2982640.0
2025-06-18 11:14:23.621383,151.79,1786388.0,2966784.0
2025-06-18 11:14:24.198178,151.77,1786388.0,2966784.0
2025-06-18 11:14:26.191689,151.77,1786388.0,2966784.0
2025-06-18 11:14:28.192022,151.8,1786388.0,2966784.0
2025-06-18 11:14:29.038786,151.85,1811198.0,2946269.0
2025-06-18 11:14:30.192830,151.85,1811198.0,2946269.0
2025-06-18 11:14:32.203383,151.81,1811198.0,2946269.0
2025-06-18 11:14:34.200874,151.84,1811198.0,2946269.0
2025-06-18 11:14:34.327684,151.84,1805257.0,2947778.0
2025-06-18 11:14:36.195607,151.84,1805257.0,2947778.0
2025-06-18 11:14:38.195592,151.8,1805257.0,2947778.0
2025-06-18 11:14:39.431534,151.8,1803030.0,2951608.0
2025-06-18 11:14:40.192132,151.84,1803030.0,2951608.0
2025-06-18 11:14:42.190529,151.84,1803030.0,2951608.0
2025-06-18 11:14:44.190928,151.83,1803030.0,2951608.0
2025-06-18 11:14:44.548387,151.83,1793751.0,2989322.0
2025-06-18 11:14:46.195927,151.81,1793751.0,2989322.0
2025-06-18 11:14:48.196949,151.81,1793751.0,2989322.0
2025-06-18 11:14:50.052747,151.8,1796586.0,2985759.0
2025-06-18 11:14:50.193115,151.8,1796586.0,2985759.0
2025-06-18 11:14:52.214807,151.77,1796586.0,2985759.0
2025-06-18 11:14:54.192268,151.89,1796586.0,2985759.0
2025-06-18 11:14:55.651340,151.82,1814626.0,2956048.0
2025-06-18 11:14:56.195081,151.82,1814626.0,2956048.0
2025-06-18 11:14:58.212472,151.88,1814626.0,2956048.0
2025-06-18 11:15:00.192643,151.84,1814626.0,2956048.0
2025-06-18 11:15:01.057053,151.84,1813849.0,2957319.0
2025-06-18 11:15:02.198125,151.84,1813849.0,2957319.0
2025-06-18 11:15:04.195450,151.79,1813849.0,2957319.0
2025-06-18 11:15:06.952930,151.78,1781347.0,3007711.0
2025-06-18 11:15:06.956784,151.78,1781347.0,3007711.0
2025-06-18 11:15:08.193866,151.77,1781347.0,3007711.0
2025-06-18 11:15:10.513150,151.79,1781347.0,3007711.0
2025-06-18 11:15:11.456575,151.8,1767769.0,3006747.0
2025-06-18 11:15:12.196784,151.8,1767769.0,3006747.0
2025-06-18 11:15:14.207105,151.8,1767769.0,3006747.0
2025-06-18 11:15:16.204408,151.74,1767769.0,3006747.0
2025-06-18 11:15:16.461397,151.74,1777345.0,2995955.0
2025-06-18 11:15:18.198761,151.8,1777345.0,2995955.0
2025-06-18 11:15:20.199223,151.8,1777345.0,2995955.0
2025-06-18 11:15:21.463440,151.8,1780428.0,2985121.0
2025-06-18 11:15:22.197102,151.8,1780428.0,2985121.0
2025-06-18 11:15:24.198540,151.75,1780428.0,2985121.0
2025-06-18 11:15:26.198802,151.78,1780428.0,2985121.0
2025-06-18 11:15:26.465939,151.78,1765432.0,3017730.0
2025-06-18 11:15:28.204846,151.78,1765432.0,3017730.0
2025-06-18 11:15:30.197682,151.74,1765432.0,3017730.0
2025-06-18 11:15:32.169155,151.71,1762804.0,3015048.0
2025-06-18 11:15:32.198299,151.71,1762804.0,3015048.0
2025-06-18 11:15:34.213867,151.77,1762804.0,3015048.0
2025-06-18 11:15:36.196591,151.76,1762804.0,3015048.0
2025-06-18 11:15:37.577713,151.74,1772161.0,3009597.0
2025-06-18 11:15:38.212062,151.74,1772161.0,3009597.0
2025-06-18 11:15:40.197089,151.71,1772161.0,3009597.0
2025-06-18 11:15:42.198446,151.76,1772161.0,3009597.0
2025-06-18 11:15:42.780169,151.76,1770839.0,3008748.0
2025-06-18 11:15:44.203057,151.76,1770839.0,3008748.0
2025-06-18 11:15:46.215778,151.74,1770839.0,3008748.0
2025-06-18 11:15:47.981685,151.75,1773342.0,3006505.0
2025-06-18 11:15:48.063702,151.75,1773342.0,3006505.0
2025-06-18 11:15:48.200282,151.76,1773342.0,3006505.0
2025-06-18 11:15:49.087069,151.76,1773342.0,3006505.0
2025-06-18 11:15:50.201311,151.74,1773342.0,3006505.0
2025-06-18 11:15:50.930409,151.74,1773342.0,3006505.0
2025-06-18 11:15:51.773234,151.74,1773342.0,3006505.0
2025-06-18 11:15:52.198732,151.76,1773342.0,3006505.0
2025-06-18 11:15:52.574683,151.76,1773342.0,3006505.0
2025-06-18 11:15:53.484934,151.75,1776656.0,3005777.0
2025-06-18 11:15:53.583034,151.75,1776656.0,3005777.0
2025-06-18 11:15:54.131908,151.75,1776656.0,3005777.0
2025-06-18 11:15:54.199688,151.78,1776656.0,3005777.0
2025-06-18 11:15:54.531857,151.78,1776656.0,3005777.0
2025-06-18 11:15:55.024759,151.78,1776656.0,3005777.0
2025-06-18 11:15:56.202220,151.77,1776656.0,3005777.0
2025-06-18 11:15:56.283353,151.77,1776656.0,3005777.0
2025-06-18 11:15:57.549009,151.77,1776656.0,3005777.0
2025-06-18 11:15:58.243746,151.75,1776656.0,3005777.0
2025-06-18 11:15:58.404250,151.75,1776656.0,3005777.0
2025-06-18 11:15:58.689173,151.75,1769894.0,3007904.0
2025-06-18 11:16:00.103054,151.75,1769894.0,3007904.0
2025-06-18 11:16:00.196209,151.79,1769894.0,3007904.0
2025-06-18 11:16:01.243017,151.79,1769894.0,3007904.0
2025-06-18 11:16:01.887279,151.79,1773678.0,3000830.0
2025-06-18 11:16:02.200195,151.79,1773678.0,3000830.0
2025-06-18 11:16:02.394729,151.79,1773678.0,3000830.0
2025-06-18 11:16:02.888425,151.79,1773897.0,2999929.0
2025-06-18 11:16:03.196924,151.79,1773897.0,2999929.0
2025-06-18 11:16:03.792493,151.79,1773899.0,2999929.0
2025-06-18 11:16:03.861152,151.79,1773899.0,2999929.0
2025-06-18 11:16:04.196701,151.79,1773899.0,2999929.0
2025-06-18 11:16:04.790245,151.79,1773620.0,2999650.0
2025-06-18 11:16:05.202849,151.75,1773620.0,2999650.0
2025-06-18 11:16:05.788964,151.75,1773758.0,2999541.0
2025-06-18 11:16:06.789292,151.75,1779040.0,3000316.0
2025-06-18 11:16:07.692292,151.75,1774065.0,2999973.0
2025-06-18 11:16:08.767279,151.75,1774047.0,2999522.0
2025-06-18 11:16:09.591614,151.75,1773953.0,2999832.0
2025-06-18 11:16:10.442462,151.79,1773953.0,2999832.0
2025-06-18 11:16:10.593694,151.79,1770210.0,3009874.0
2025-06-18 11:16:11.197760,151.78,1770210.0,3009874.0
2025-06-18 11:16:11.594251,151.78,1765701.0,3014416.0
2025-06-18 11:16:12.201380,151.77,1765701.0,3014416.0
2025-06-18 11:16:12.597907,151.75,1771632.0,3003233.0
2025-06-18 11:16:13.198582,151.77,1771632.0,3003233.0
2025-06-18 11:16:13.495164,151.77,1773280.0,3009804.0
2025-06-18 11:16:14.197226,151.77,1773280.0,3009804.0
2025-06-18 11:16:14.394493,151.75,1773270.0,3008211.0
2025-06-18 11:16:15.198370,151.75,1773270.0,3008211.0
2025-06-18 11:16:15.396169,151.75,1768196.0,3007805.0
2025-06-18 11:16:16.209158,151.77,1768196.0,3007805.0
2025-06-18 11:16:16.396304,151.77,1773320.0,3004917.0
2025-06-18 11:16:17.496038,151.75,1772933.0,3007213.0
2025-06-18 11:16:18.197429,151.77,1772933.0,3007213.0
2025-06-18 11:16:19.204618,151.77,1772933.0,3007213.0
2025-06-18 11:16:19.206944,151.77,1773178.0,3007311.0
2025-06-18 11:16:20.202924,151.77,1773178.0,3007311.0
2025-06-18 11:16:20.208809,151.77,1772424.0,3013588.0
2025-06-18 11:16:21.230087,151.75,1772424.0,3013588.0
2025-06-18 11:16:21.297226,151.75,1772828.0,3014527.0
2025-06-18 11:16:22.305585,151.75,1777268.0,3014681.0
2025-06-18 11:16:23.198480,151.77,1777268.0,3014681.0
2025-06-18 11:16:23.397801,151.77,1777267.0,3020236.0
2025-06-18 11:16:24.299480,151.77,1777019.0,3020675.0
2025-06-18 11:16:25.198906,151.71,1777019.0,3020675.0
2025-06-18 11:16:25.300487,151.71,1767125.0,3017957.0
2025-06-18 11:16:26.200079,151.71,1767125.0,3017957.0
2025-06-18 11:16:26.235556,151.71,1770563.0,3018666.0
2025-06-18 11:16:27.200085,151.71,1770563.0,3018666.0
2025-06-18 11:16:27.209180,151.71,1771308.0,3019576.0
2025-06-18 11:16:28.320814,151.71,1770907.0,3019497.0
2025-06-18 11:16:29.307409,151.71,1771025.0,3017578.0
2025-06-18 11:16:30.407626,151.71,1770858.0,3008439.0
2025-06-18 11:16:31.199123,151.71,1770858.0,3008439.0
2025-06-18 11:16:31.408139,151.71,1772432.0,3008908.0
2025-06-18 11:16:32.203473,151.72,1772432.0,3008908.0
2025-06-18 11:16:32.512134,151.71,1771550.0,3009721.0
2025-06-18 11:16:33.202340,151.71,1771550.0,3009721.0
2025-06-18 11:16:33.509632,151.76,1771307.0,3009719.0
2025-06-18 11:16:34.202623,151.76,1771307.0,3009719.0
2025-06-18 11:16:34.409675,151.76,1787475.0,3014223.0
2025-06-18 11:16:35.411318,151.76,1785813.0,3018110.0
2025-06-18 11:16:36.333444,151.71,1785813.0,3018110.0
2025-06-18 11:16:36.411703,151.75,1786257.0,3018901.0
2025-06-18 11:16:37.199322,151.75,1786257.0,3018901.0
2025-06-18 11:16:37.412663,151.75,1786258.0,3019129.0
2025-06-18 11:16:38.235487,151.75,1786258.0,3019129.0
2025-06-18 11:16:38.412022,151.75,1786349.0,3019938.0
2025-06-18 11:16:40.292413,151.75,1786349.0,3019938.0
2025-06-18 11:16:40.326974,151.75,1786497.0,3018227.0
2025-06-18 11:16:40.329203,151.75,1786497.0,3018227.0
2025-06-18 11:16:40.413646,151.75,1786511.0,3018641.0
2025-06-18 11:16:41.210793,151.75,1786511.0,3018641.0
2025-06-18 11:16:41.415423,151.75,1786102.0,3018585.0
2025-06-18 11:16:42.209666,151.71,1786102.0,3018585.0
2025-06-18 11:16:42.415878,151.75,1787374.0,3017168.0
2025-06-18 11:16:43.203824,151.75,1787374.0,3017168.0
2025-06-18 11:16:43.415368,151.75,1787253.0,3016128.0
2025-06-18 11:16:44.314073,151.75,1787253.0,3016128.0
2025-06-18 11:16:45.205235,151.71,1787253.0,3016128.0
2025-06-18 11:16:45.316707,151.75,1787749.0,3016374.0
2025-06-18 11:16:46.203235,151.71,1787749.0,3016374.0
2025-06-18 11:16:46.417723,151.71,1787432.0,3016394.0
2025-06-18 11:16:47.207543,151.75,1787432.0,3016394.0
2025-06-18 11:16:47.415382,151.75,1788119.0,3015890.0
2025-06-18 11:16:49.416855,151.75,1788329.0,3016798.0
2025-06-18 11:16:50.205839,151.7,1788329.0,3016798.0
2025-06-18 11:16:50.518085,151.7,1785358.0,3018759.0
2025-06-18 11:16:51.215005,151.75,1785358.0,3018759.0
2025-06-18 11:16:51.520499,151.75,1785856.0,3017678.0
2025-06-18 11:16:52.214005,151.75,1785856.0,3017678.0
2025-06-18 11:16:52.519764,151.75,1782246.0,3025029.0
2025-06-18 11:16:53.521958,151.71,1782519.0,3025163.0
2025-06-18 11:16:54.202761,151.7,1782519.0,3025163.0
2025-06-18 11:16:54.522374,151.7,1725953.0,3042690.0
2025-06-18 11:16:55.206257,151.7,1725953.0,3042690.0
2025-06-18 11:16:55.622136,151.7,1761168.0,3040051.0
2025-06-18 11:16:56.622506,151.7,1766517.0,3041118.0
2025-06-18 11:16:57.723428,151.71,1765610.0,3042277.0
2025-06-18 11:16:58.206747,151.71,1765610.0,3042277.0
2025-06-18 11:16:58.837509,151.7,1766538.0,3042807.0
2025-06-18 11:17:00.408746,151.7,1766538.0,3042807.0
2025-06-18 11:17:00.446569,151.71,1766538.0,3042809.0
2025-06-18 11:17:00.450171,151.7,1766538.0,3042809.0
2025-06-18 11:17:01.126996,151.7,1762723.0,3043133.0
2025-06-18 11:17:02.211930,151.71,1762723.0,3043133.0
2025-06-18 11:17:04.213760,151.71,1762723.0,3043133.0
2025-06-18 11:17:06.132252,151.71,1763477.0,3029933.0
2025-06-18 11:17:06.212071,151.71,1763477.0,3029933.0
2025-06-18 11:17:08.208135,151.7,1763477.0,3029933.0
2025-06-18 11:17:10.213316,151.7,1763477.0,3029933.0
2025-06-18 11:17:11.231055,151.7,1762684.0,3031551.0
2025-06-18 11:17:12.212329,151.7,1762684.0,3031551.0
2025-06-18 11:17:14.211028,151.7,1762684.0,3031551.0
2025-06-18 11:17:16.208309,151.71,1762684.0,3031551.0
2025-06-18 11:17:16.336739,151.71,1761070.0,3029823.0
2025-06-18 11:17:18.247504,151.71,1761070.0,3029823.0
2025-06-18 11:17:20.213444,151.71,1761070.0,3029823.0
2025-06-18 11:17:21.539082,151.71,1764611.0,3013368.0
2025-06-18 11:17:22.212538,151.7,1764611.0,3013368.0
2025-06-18 11:17:24.211333,151.71,1764611.0,3013368.0
2025-06-18 11:17:26.211323,151.71,1764611.0,3013368.0
2025-06-18 11:17:26.745437,151.71,1763779.0,3018275.0
2025-06-18 11:17:28.210110,151.7,1763779.0,3018275.0
2025-06-18 11:17:30.211692,151.71,1763779.0,3018275.0
2025-06-18 11:17:31.845587,151.71,1762333.0,3019630.0
2025-06-18 11:17:32.212263,151.71,1762333.0,3019630.0
2025-06-18 11:17:34.211072,151.69,1762333.0,3019630.0
2025-06-18 11:17:36.212329,151.71,1762333.0,3019630.0
2025-06-18 11:17:36.751712,151.7,1764463.0,3019467.0
2025-06-18 11:17:38.211304,151.71,1764463.0,3019467.0
2025-06-18 11:17:40.213611,151.69,1764463.0,3019467.0
2025-06-18 11:17:41.952556,151.7,1760319.0,3026760.0
2025-06-18 11:17:42.212478,151.68,1760319.0,3026760.0
2025-06-18 11:17:44.211640,151.7,1760319.0,3026760.0
2025-06-18 11:17:46.217343,151.6,1760319.0,3026760.0
2025-06-18 11:17:46.857187,151.65,1737238.0,3055442.0
2025-06-18 11:17:48.212412,151.65,1737238.0,3055442.0
2025-06-18 11:17:50.216415,151.65,1737238.0,3055442.0
2025-06-18 11:17:51.560903,151.68,1738522.0,3040383.0
2025-06-18 11:17:52.211033,151.61,1738522.0,3040383.0
2025-06-18 11:17:54.215548,151.66,1738522.0,3040383.0
2025-06-18 11:17:56.210410,151.6,1738522.0,3040383.0
2025-06-18 11:17:56.263597,151.6,1728822.0,3042660.0
2025-06-18 11:17:58.209656,151.66,1728822.0,3042660.0
2025-06-18 11:18:00.238429,151.66,1728822.0,3042660.0
2025-06-18 11:18:00.764848,151.66,1737641.0,3043788.0
2025-06-18 11:18:02.246873,151.61,1737641.0,3043788.0
2025-06-18 11:18:05.680337,151.66,1741185.0,3046917.0
2025-06-18 11:18:06.216817,151.66,1741185.0,3046917.0
2025-06-18 11:18:08.235043,151.6,1741185.0,3046917.0
2025-06-18 11:18:10.491288,151.66,1741185.0,3046917.0
2025-06-18 11:18:10.518597,151.66,1691683.0,3072597.0
2025-06-18 11:18:13.240690,151.58,1691683.0,3072597.0
2025-06-18 11:18:15.973529,151.56,1697748.0,3092802.0
2025-06-18 11:18:16.210986,151.56,1697748.0,3092802.0
2025-06-18 11:18:19.214355,151.59,1697748.0,3092802.0
2025-06-18 11:18:21.266290,151.55,1697748.0,3092802.0
2025-06-18 11:18:21.878092,151.55,1701136.0,3099588.0
2025-06-18 11:18:23.209061,151.58,1701136.0,3099588.0
2025-06-18 11:18:25.213673,151.55,1701136.0,3099588.0
2025-06-18 11:18:27.182315,151.58,1700771.0,3102813.0
2025-06-18 11:18:27.210549,151.58,1700771.0,3102813.0
2025-06-18 11:18:29.227941,151.55,1700771.0,3102813.0
2025-06-18 11:18:31.211848,151.56,1700771.0,3102813.0
2025-06-18 11:18:32.286167,151.56,1702629.0,3107661.0
2025-06-18 11:18:33.241085,151.56,1702629.0,3107661.0
2025-06-18 11:18:35.215591,151.55,1702629.0,3107661.0
2025-06-18 11:18:37.218170,151.56,1702629.0,3107661.0
2025-06-18 11:18:37.289778,151.55,1697955.0,3110843.0
2025-06-18 11:18:39.212697,151.56,1697955.0,3110843.0
2025-06-18 11:18:41.212299,151.56,1697955.0,3110843.0
2025-06-18 11:18:42.388842,151.55,1696791.0,3097078.0
2025-06-18 11:18:43.216002,151.55,1696791.0,3097078.0
2025-06-18 11:18:45.207762,151.55,1696791.0,3097078.0
2025-06-18 11:18:47.196825,151.57,1691176.0,3094024.0
2025-06-18 11:18:47.232789,151.57,1691176.0,3094024.0
2025-06-18 11:18:48.467902,151.57,1691176.0,3094024.0
2025-06-18 11:18:49.215427,151.57,1691176.0,3094024.0
2025-06-18 11:18:49.543075,151.57,1691176.0,3094024.0
2025-06-18 11:18:50.466220,151.57,1691176.0,3094024.0
2025-06-18 11:18:51.210465,151.57,1691176.0,3094024.0
2025-06-18 11:18:51.398103,151.57,1691176.0,3094024.0
2025-06-18 11:18:51.790658,151.57,1690626.0,3096808.0
2025-06-18 11:18:52.264246,151.57,1690626.0,3096808.0
2025-06-18 11:18:53.031846,151.57,1690626.0,3096808.0
2025-06-18 11:18:53.213609,151.57,1690626.0,3096808.0
2025-06-18 11:18:54.062660,151.57,1690626.0,3096808.0
2025-06-18 11:18:55.027106,151.57,1690626.0,3096808.0
2025-06-18 11:18:55.211278,151.54,1690626.0,3096808.0
2025-06-18 11:18:55.512177,151.54,1690626.0,3096808.0
2025-06-18 11:18:56.495903,151.57,1691483.0,3137556.0
2025-06-18 11:18:56.782463,151.57,1691483.0,3137556.0
2025-06-18 11:18:57.214526,151.57,1691483.0,3137556.0
2025-06-18 11:18:58.024407,151.57,1691483.0,3137556.0
2025-06-18 11:18:59.213841,151.57,1691483.0,3137556.0
2025-06-18 11:19:00.280774,151.57,1691483.0,3137556.0
2025-06-18 11:19:01.204706,151.55,1696208.0,3134710.0
2025-06-18 11:19:01.216590,151.55,1696208.0,3134710.0
2025-06-18 11:19:01.554646,151.55,1696208.0,3134710.0
2025-06-18 11:19:02.706353,151.55,1696208.0,3134710.0
2025-06-18 11:19:03.216635,151.53,1696208.0,3134710.0
2025-06-18 11:19:04.180617,151.53,1696208.0,3134710.0
2025-06-18 11:19:05.217786,151.54,1696208.0,3134710.0
2025-06-18 11:19:06.699981,151.55,1706590.0,3134957.0
2025-06-18 11:19:07.218533,151.55,1706590.0,3134957.0
2025-06-18 11:19:09.215614,151.55,1706590.0,3134957.0
2025-06-18 11:19:11.213883,151.55,1706590.0,3134957.0
2025-06-18 11:19:11.904471,151.55,1708838.0,3139792.0
2025-06-18 11:19:13.222992,151.54,1708838.0,3139792.0
2025-06-18 11:19:15.213041,151.55,1708838.0,3139792.0
2025-06-18 11:19:17.107934,151.56,1733537.0,3116519.0
2025-06-18 11:19:17.219766,151.56,1733537.0,3116519.0
2025-06-18 11:19:19.215423,151.6,1733537.0,3116519.0
2025-06-18 11:19:21.215207,151.6,1733537.0,3116519.0
2025-06-18 11:19:22.312197,151.6,1722744.0,3128189.0
2025-06-18 11:19:23.217639,151.6,1722744.0,3128189.0
2025-06-18 11:19:25.216497,151.61,1722744.0,3128189.0
2025-06-18 11:19:27.217422,151.61,1722744.0,3128189.0
2025-06-18 11:19:27.317302,151.6,1711866.0,3121688.0
2025-06-18 11:19:29.217362,151.6,1711866.0,3121688.0
2025-06-18 11:19:31.218350,151.6,1711866.0,3121688.0
2025-06-18 11:19:32.319252,151.58,1706952.0,3140972.0
2025-06-18 11:19:33.217541,151.58,1706952.0,3140972.0
2025-06-18 11:19:35.222442,151.52,1706952.0,3140972.0
2025-06-18 11:19:37.223649,151.52,1700388.0,3152095.0
2025-06-18 11:19:39.227304,151.57,1700388.0,3152095.0
2025-06-18 11:19:41.216982,151.52,1700388.0,3152095.0
2025-06-18 11:19:42.122428,151.51,1701933.0,3143875.0
2025-06-18 11:19:43.259171,151.58,1701933.0,3143875.0
2025-06-18 11:19:45.216953,151.52,1701933.0,3143875.0
2025-06-18 11:19:47.128280,151.52,1708592.0,3126541.0
2025-06-18 11:19:47.224197,151.52,1708592.0,3126541.0
2025-06-18 11:19:49.271205,151.52,1708592.0,3126541.0
2025-06-18 11:19:51.257835,151.55,1708592.0,3126541.0
2025-06-18 11:19:52.325801,151.52,1717508.0,3124382.0
2025-06-18 11:19:53.228720,151.52,1717508.0,3124382.0
2025-06-18 11:19:55.224749,151.58,1717508.0,3124382.0
2025-06-18 11:19:57.218162,151.58,1717508.0,3124382.0
2025-06-18 11:19:57.733294,151.58,1713446.0,3117094.0
2025-06-18 11:20:00.484344,151.52,1713446.0,3117094.0
2025-06-18 11:20:01.224279,151.52,1713446.0,3117094.0
2025-06-18 11:20:02.737258,151.52,1712171.0,3120000.0
2025-06-18 11:20:03.218955,151.52,1712171.0,3120000.0
2025-06-18 11:20:05.224703,151.55,1712171.0,3120000.0
2025-06-18 11:20:07.216735,151.55,1712171.0,3120000.0
2025-06-18 11:20:07.646469,151.58,1717142.0,3125548.0
2025-06-18 11:20:08.216778,151.55,1717142.0,3125548.0
2025-06-18 11:20:09.217701,151.58,1717142.0,3125548.0
2025-06-18 11:20:11.216389,151.56,1717142.0,3125548.0
2025-06-18 11:20:12.216791,151.56,1717142.0,3125548.0
2025-06-18 11:20:12.250767,151.56,1731219.0,3114209.0
2025-06-18 11:20:13.220189,151.6,1731219.0,3114209.0
2025-06-18 11:20:14.213122,151.55,1731219.0,3114209.0
2025-06-18 11:20:15.211880,151.55,1731219.0,3114209.0
2025-06-18 11:20:16.216533,151.55,1731219.0,3114209.0
2025-06-18 11:20:16.858608,151.55,1721335.0,3107847.0
2025-06-18 11:20:19.244203,151.58,1721335.0,3107847.0
2025-06-18 11:20:21.754325,151.58,1725162.0,3115234.0
2025-06-18 11:20:22.216308,151.58,1725162.0,3115234.0
2025-06-18 11:20:23.249451,151.6,1725162.0,3115234.0
2025-06-18 11:20:24.213946,151.6,1725162.0,3115234.0
2025-06-18 11:20:25.213798,151.6,1725162.0,3115234.0
2025-06-18 11:20:26.216588,151.56,1725162.0,3115234.0
2025-06-18 11:20:26.959561,151.55,1726202.0,3089805.0
2025-06-18 11:20:27.217795,151.55,1726202.0,3089805.0
2025-06-18 11:20:28.214524,151.58,1726202.0,3089805.0
2025-06-18 11:20:29.222357,151.58,1726202.0,3089805.0
2025-06-18 11:20:30.222986,151.58,1726202.0,3089805.0
2025-06-18 11:20:31.218227,151.6,1726202.0,3089805.0
2025-06-18 11:20:31.960901,151.58,1730541.0,3103017.0
2025-06-18 11:20:32.221291,151.58,1730541.0,3103017.0
2025-06-18 11:20:33.216005,151.6,1730541.0,3103017.0
2025-06-18 11:20:36.219952,151.59,1730541.0,3103017.0
2025-06-18 11:20:36.866307,151.6,1737488.0,3097814.0
2025-06-18 11:20:37.217742,151.61,1737488.0,3097814.0
2025-06-18 11:20:39.214724,151.58,1737488.0,3097814.0
2025-06-18 11:20:41.217445,151.58,1737488.0,3097814.0
2025-06-18 11:20:41.767607,151.55,1715868.0,3129180.0
2025-06-18 11:20:42.219158,151.55,1715868.0,3129180.0
2025-06-18 11:20:43.237158,151.58,1715868.0,3129180.0
2025-06-18 11:20:44.226204,151.55,1715868.0,3129180.0
2025-06-18 11:20:45.219316,151.55,1715868.0,3129180.0
2025-06-18 11:20:46.218962,151.6,1715868.0,3129180.0
2025-06-18 11:20:46.473324,151.6,1722332.0,3111815.0
2025-06-18 11:20:47.294696,151.58,1722332.0,3111815.0
2025-06-18 11:20:48.215989,151.58,1722332.0,3111815.0
2025-06-18 11:20:50.222566,151.58,1722332.0,3111815.0
2025-06-18 11:20:51.227853,151.55,1722332.0,3111815.0
2025-06-18 11:20:51.574407,151.55,1722299.0,3111100.0
2025-06-18 11:20:52.212949,151.58,1722299.0,3111100.0
2025-06-18 11:20:54.222456,151.58,1722299.0,3111100.0
2025-06-18 11:20:55.218736,151.58,1722299.0,3111100.0
2025-06-18 11:20:56.678010,151.56,1728871.0,3096005.0
2025-06-18 11:20:57.223611,151.56,1728871.0,3096005.0
2025-06-18 11:20:58.222293,151.58,1728871.0,3096005.0
2025-06-18 11:20:59.219904,151.58,1728871.0,3096005.0
2025-06-18 11:21:00.219267,151.58,1728871.0,3096005.0
2025-06-18 11:21:01.221313,151.58,1728871.0,3096005.0
2025-06-18 11:21:01.377199,151.58,1731372.0,3096814.0
2025-06-18 11:21:02.215719,151.56,1731372.0,3096814.0
2025-06-18 11:21:03.238754,151.55,1731372.0,3096814.0
2025-06-18 11:21:04.219004,151.58,1731372.0,3096814.0
2025-06-18 11:21:05.219747,151.55,1731372.0,3096814.0
2025-06-18 11:21:06.181193,151.55,1730336.0,3100377.0
2025-06-18 11:21:06.225576,151.55,1730336.0,3100377.0
2025-06-18 11:21:07.216254,151.55,1730336.0,3100377.0
2025-06-18 11:21:08.217612,151.58,1730336.0,3100377.0
2025-06-18 11:21:10.217101,151.58,1730336.0,3100377.0
2025-06-18 11:21:11.184085,151.55,1734854.0,3107300.0
2025-06-18 11:21:11.219864,151.55,1734854.0,3107300.0
2025-06-18 11:21:13.251364,151.58,1734854.0,3107300.0
2025-06-18 11:21:14.214408,151.58,1734854.0,3107300.0
2025-06-18 11:21:15.235050,151.58,1734854.0,3107300.0
2025-06-18 11:21:15.788891,151.58,1730156.0,3111775.0
2025-06-18 11:21:17.261649,151.57,1730156.0,3111775.0
2025-06-18 11:21:18.219416,151.55,1730156.0,3111775.0
2025-06-18 11:21:19.217367,151.57,1730156.0,3111775.0
2025-06-18 11:21:20.218426,151.55,1730156.0,3111775.0
2025-06-18 11:21:20.492095,151.55,1738484.0,3111703.0
2025-06-18 11:21:21.228544,151.55,1738484.0,3111703.0
2025-06-18 11:21:22.219921,151.57,1738484.0,3111703.0
2025-06-18 11:21:24.235039,151.55,1738484.0,3111703.0
2025-06-18 11:21:25.225335,151.55,1738484.0,3111703.0
2025-06-18 11:21:25.633609,151.57,1739418.0,3110083.0
2025-06-18 11:21:26.220221,151.57,1739418.0,3110083.0
2025-06-18 11:21:27.228443,151.55,1739418.0,3110083.0
2025-06-18 11:21:28.218461,151.56,1739418.0,3110083.0
2025-06-18 11:21:29.219367,151.56,1739418.0,3110083.0
2025-06-18 11:21:30.694166,151.55,1734659.0,3114394.0
2025-06-18 11:21:31.219432,151.55,1734659.0,3114394.0
2025-06-18 11:21:32.217694,151.56,1734659.0,3114394.0
2025-06-18 11:21:33.219353,151.55,1734659.0,3114394.0
2025-06-18 11:21:34.219847,151.55,1734659.0,3114394.0
2025-06-18 11:21:35.219388,151.57,1734659.0,3114394.0
2025-06-18 11:21:35.797603,151.57,1738822.0,3107178.0
2025-06-18 11:21:37.221844,151.57,1738822.0,3107178.0
2025-06-18 11:21:39.246694,151.55,1738822.0,3107178.0
2025-06-18 11:21:40.219102,151.55,1738822.0,3107178.0
2025-06-18 11:21:40.299282,151.55,1737461.0,3108405.0
2025-06-18 11:21:41.219521,151.57,1737461.0,3108405.0
2025-06-18 11:21:42.223259,151.55,1737461.0,3108405.0
2025-06-18 11:21:43.219890,151.57,1737461.0,3108405.0
2025-06-18 11:21:44.221333,151.61,1737461.0,3108405.0
2025-06-18 11:21:45.009247,151.57,1740577.0,3108671.0
2025-06-18 11:21:45.221986,151.57,1740577.0,3108671.0
2025-06-18 11:21:47.235472,151.57,1740577.0,3108671.0
2025-06-18 11:21:48.223641,151.57,1740577.0,3108671.0
2025-06-18 11:21:49.044450,151.57,1740577.0,3108671.0
2025-06-18 11:21:49.226063,151.55,1740577.0,3108671.0
2025-06-18 11:21:49.707327,151.57,1739322.0,3117733.0
2025-06-18 11:21:50.145435,151.57,1739322.0,3117733.0
2025-06-18 11:21:50.228084,151.55,1739322.0,3117733.0
2025-06-18 11:21:51.052247,151.55,1739322.0,3117733.0
2025-06-18 11:21:51.252887,151.55,1739322.0,3117733.0
2025-06-18 11:21:52.578696,151.55,1739322.0,3117733.0
2025-06-18 11:21:52.595643,151.57,1739322.0,3117733.0
2025-06-18 11:21:52.844085,151.57,1739322.0,3117733.0
2025-06-18 11:21:53.253468,151.55,1739322.0,3117733.0
2025-06-18 11:21:53.644570,151.55,1739322.0,3117733.0
2025-06-18 11:21:54.221217,151.57,1739322.0,3117733.0
2025-06-18 11:21:54.625725,151.57,1734310.0,3123793.0
2025-06-18 11:21:54.648956,151.57,1734310.0,3123793.0
2025-06-18 11:21:55.204080,151.57,1734310.0,3123793.0
2025-06-18 11:21:55.242111,151.55,1734310.0,3123793.0
2025-06-18 11:21:55.619401,151.55,1734310.0,3123793.0
2025-06-18 11:21:56.101847,151.55,1734310.0,3123793.0
2025-06-18 11:21:56.218505,151.57,1734310.0,3123793.0
2025-06-18 11:21:56.479333,151.57,1734310.0,3123793.0
2025-06-18 11:21:57.231866,151.55,1734310.0,3123793.0
2025-06-18 11:21:57.357081,151.55,1734310.0,3123793.0
2025-06-18 11:21:58.225212,151.57,1734310.0,3123793.0
2025-06-18 11:21:58.626110,151.57,1734310.0,3123793.0
2025-06-18 11:21:59.258715,151.57,1734310.0,3123793.0
2025-06-18 11:21:59.493359,151.57,1734310.0,3123793.0
2025-06-18 11:22:00.012953,151.57,1726476.0,3164903.0
2025-06-18 11:22:00.874156,151.57,1726476.0,3164903.0
2025-06-18 11:22:01.218468,151.55,1726476.0,3164903.0
2025-06-18 11:22:02.016100,151.55,1726476.0,3164903.0
2025-06-18 11:22:02.225795,151.55,1726476.0,3164903.0
2025-06-18 11:22:03.225563,151.55,1726476.0,3164903.0
2025-06-18 11:22:03.383581,151.55,1726476.0,3164903.0
2025-06-18 11:22:05.185311,151.55,1726476.0,3164903.0
2025-06-18 11:22:05.194389,151.55,1729103.0,3161097.0
2025-06-18 11:22:05.195629,151.55,1729103.0,3161097.0
2025-06-18 11:22:05.232075,151.58,1729103.0,3161097.0
2025-06-18 11:22:06.223406,151.58,1729103.0,3161097.0
2025-06-18 11:22:07.221945,151.56,1729103.0,3161097.0
2025-06-18 11:22:08.220735,151.55,1729103.0,3161097.0
2025-06-18 11:22:09.718029,151.62,1740971.0,3152828.0
2025-06-18 11:22:10.220424,151.57,1740971.0,3152828.0
2025-06-18 11:22:12.220223,151.61,1740971.0,3152828.0
2025-06-18 11:22:13.223821,151.58,1740971.0,3152828.0
2025-06-18 11:22:14.220469,151.57,1740971.0,3152828.0
2025-06-18 11:22:14.923355,151.6,1737037.0,3116345.0
2025-06-18 11:22:15.224242,151.6,1737037.0,3116345.0
2025-06-18 11:22:16.231457,151.6,1737037.0,3116345.0
2025-06-18 11:22:18.222472,151.58,1737037.0,3116345.0
2025-06-18 11:22:19.359293,151.6,1737037.0,3116345.0
2025-06-18 11:22:19.936498,151.58,1693166.0,3112914.0
2025-06-18 11:22:20.226811,151.56,1693166.0,3112914.0
2025-06-18 11:22:21.222327,151.58,1693166.0,3112914.0
2025-06-18 11:22:22.250827,151.58,1693166.0,3112914.0
2025-06-18 11:22:23.225602,151.57,1693166.0,3112914.0
2025-06-18 11:22:24.227498,151.56,1693166.0,3112914.0
2025-06-18 11:22:24.831652,151.58,1689600.0,3112757.0
2025-06-18 11:22:25.229766,151.56,1689600.0,3112757.0
2025-06-18 11:22:26.232505,151.56,1689600.0,3112757.0
2025-06-18 11:22:27.268950,151.58,1689600.0,3112757.0
2025-06-18 11:22:28.246736,151.58,1689600.0,3112757.0
2025-06-18 11:22:29.220607,151.58,1689600.0,3112757.0
2025-06-18 11:22:29.645025,151.58,1732580.0,3113205.0
2025-06-18 11:22:30.223783,151.56,1732580.0,3113205.0
2025-06-18 11:22:31.226440,151.58,1732580.0,3113205.0
2025-06-18 11:22:32.248704,151.56,1732580.0,3113205.0
2025-06-18 11:22:33.227951,151.56,1732580.0,3113205.0
2025-06-18 11:22:34.247438,151.58,1732580.0,3113205.0
2025-06-18 11:22:34.533622,151.56,1727486.0,3105062.0
2025-06-18 11:22:35.220579,151.56,1727486.0,3105062.0
2025-06-18 11:22:36.226850,151.56,1727486.0,3105062.0
2025-06-18 11:22:37.222094,151.56,1727486.0,3105062.0
2025-06-18 11:22:38.254346,151.56,1727486.0,3105062.0
2025-06-18 11:22:39.229112,151.56,1727486.0,3105062.0
2025-06-18 11:22:39.659201,151.56,1723057.0,3112062.0
2025-06-18 11:22:41.226181,151.58,1723057.0,3112062.0
2025-06-18 11:22:42.223379,151.58,1723057.0,3112062.0
2025-06-18 11:22:43.221366,151.6,1723057.0,3112062.0
2025-06-18 11:22:45.130784,151.62,1723057.0,3112062.0
2025-06-18 11:22:45.187639,151.58,1742980.0,3102965.0
2025-06-18 11:22:45.245877,151.58,1742980.0,3102965.0
2025-06-18 11:22:47.223608,151.58,1742980.0,3102965.0
2025-06-18 11:22:48.230747,151.56,1742980.0,3102965.0
2025-06-18 11:22:49.221038,151.58,1742980.0,3102965.0
2025-06-18 11:22:50.177973,151.56,1735296.0,3115916.0
2025-06-18 11:22:50.228845,151.56,1735296.0,3115916.0
2025-06-18 11:22:51.226180,151.58,1735296.0,3115916.0
2025-06-18 11:22:52.256440,151.55,1735296.0,3115916.0
2025-06-18 11:22:53.227132,151.58,1735296.0,3115916.0
2025-06-18 11:22:54.230404,151.58,1735296.0,3115916.0
2025-06-18 11:22:55.052715,151.62,1742990.0,3103923.0
2025-06-18 11:22:55.226696,151.62,1742990.0,3103923.0
2025-06-18 11:22:56.230794,151.58,1742990.0,3103923.0
2025-06-18 11:22:57.222266,151.59,1742990.0,3103923.0
2025-06-18 11:22:58.228471,151.57,1742990.0,3103923.0
2025-06-18 11:22:59.237164,151.57,1742990.0,3103923.0
2025-06-18 11:22:59.755149,151.57,1735760.0,3109612.0
2025-06-18 11:23:00.237004,151.57,1735760.0,3109612.0
2025-06-18 11:23:01.222112,151.58,1735760.0,3109612.0
2025-06-18 11:23:02.236726,151.6,1735760.0,3109612.0
2025-06-18 11:23:03.231536,151.55,1735760.0,3109612.0
2025-06-18 11:23:04.227568,151.61,1735760.0,3109612.0
2025-06-18 11:23:04.677439,151.61,1720143.0,3108770.0
2025-06-18 11:23:05.227067,151.61,1720143.0,3108770.0
2025-06-18 11:23:06.228213,151.6,1720143.0,3108770.0
2025-06-18 11:23:07.226891,151.57,1720143.0,3108770.0
2025-06-18 11:23:08.228744,151.55,1720143.0,3108770.0
2025-06-18 11:23:09.223451,151.57,1720143.0,3108770.0
2025-06-18 11:23:09.679769,151.57,1714205.0,3131470.0
2025-06-18 11:23:10.228186,151.55,1714205.0,3131470.0
2025-06-18 11:23:11.235090,151.57,1714205.0,3131470.0
2025-06-18 11:23:12.572162,151.55,1714205.0,3131470.0
2025-06-18 11:23:13.236694,151.57,1714205.0,3131470.0
2025-06-18 11:23:14.232482,151.57,1714205.0,3131470.0
2025-06-18 11:23:14.359435,151.57,1705544.0,3134244.0
2025-06-18 11:23:15.231439,151.54,1705544.0,3134244.0
2025-06-18 11:23:17.234766,151.55,1705544.0,3134244.0
2025-06-18 11:23:19.763207,151.54,1697351.0,3142932.0
2025-06-18 11:23:20.230695,151.55,1697351.0,3142932.0
2025-06-18 11:23:23.238342,151.53,1697351.0,3142932.0
2025-06-18 11:23:25.233948,151.47,1697351.0,3142932.0
2025-06-18 11:23:25.269687,151.47,1654767.0,3176855.0
2025-06-18 11:23:27.231360,151.47,1654767.0,3176855.0
2025-06-18 11:23:29.246732,151.47,1654767.0,3176855.0
2025-06-18 11:23:30.573595,151.4,1654890.0,3162011.0
2025-06-18 11:23:31.276955,151.42,1654890.0,3162011.0
2025-06-18 11:23:33.233256,151.47,1654890.0,3162011.0
2025-06-18 11:23:35.230519,151.42,1654890.0,3162011.0
2025-06-18 11:23:35.876336,151.42,1676154.0,3146451.0
2025-06-18 11:23:37.235981,151.41,1676154.0,3146451.0
2025-06-18 11:23:39.234322,151.43,1676154.0,3146451.0
2025-06-18 11:23:40.783879,151.47,1668975.0,3149263.0
2025-06-18 11:23:41.245663,151.47,1668975.0,3149263.0
2025-06-18 11:23:43.236111,151.46,1668975.0,3149263.0
2025-06-18 11:23:45.233325,151.4,1668975.0,3149263.0
2025-06-18 11:23:45.781725,151.42,1678416.0,3151406.0
2025-06-18 11:23:47.233737,151.41,1678416.0,3151406.0
2025-06-18 11:23:49.350101,151.46,1678416.0,3151406.0
2025-06-18 11:23:50.583779,151.44,1702781.0,3127747.0
2025-06-18 11:23:51.240858,151.44,1702781.0,3127747.0
2025-06-18 11:23:53.236046,151.46,1702781.0,3127747.0
2025-06-18 11:23:55.237874,151.41,1702781.0,3127747.0
2025-06-18 11:23:55.287524,151.41,1687194.0,3128524.0
2025-06-18 11:23:57.243623,151.45,1687194.0,3128524.0
2025-06-18 11:23:59.238070,151.41,1687194.0,3128524.0
2025-06-18 11:24:00.389271,151.45,1690267.0,3128508.0
2025-06-18 11:24:01.235917,151.44,1690267.0,3128508.0
2025-06-18 11:24:01.888469,151.44,1692739.0,3131519.0
2025-06-18 11:24:02.238295,151.41,1692739.0,3131519.0
2025-06-18 11:24:02.897172,151.42,1694069.0,3133601.0
2025-06-18 11:24:03.233870,151.41,1694069.0,3133601.0
2025-06-18 11:24:03.892752,151.43,1694236.0,3136629.0
2025-06-18 11:24:04.239645,151.43,1694236.0,3136629.0
2025-06-18 11:24:04.891189,151.41,1694293.0,3135025.0
2025-06-18 11:24:05.231300,151.42,1694293.0,3135025.0
2025-06-18 11:24:05.991106,151.42,1694200.0,3134644.0
2025-06-18 11:24:07.095751,151.41,1693087.0,3135438.0
2025-06-18 11:24:07.239524,151.41,1693087.0,3135438.0
2025-06-18 11:24:08.205709,151.43,1695719.0,3135101.0
2025-06-18 11:24:08.230624,151.43,1695719.0,3135101.0
2025-06-18 11:24:09.236372,151.41,1695719.0,3135101.0
2025-06-18 11:24:09.294655,151.41,1695966.0,3135666.0
2025-06-18 11:24:10.233242,151.45,1695966.0,3135666.0
2025-06-18 11:24:10.396786,151.41,1698267.0,3129340.0
2025-06-18 11:24:11.242006,151.45,1698267.0,3129340.0
2025-06-18 11:24:11.496585,151.45,1703131.0,3131679.0
2025-06-18 11:24:12.244683,151.41,1703131.0,3131679.0
2025-06-18 11:24:12.898814,151.41,1695904.0,3133578.0
2025-06-18 11:24:13.899481,151.41,1698950.0,3129799.0
2025-06-18 11:24:14.237990,151.41,1698950.0,3129799.0
2025-06-18 11:24:14.902841,151.41,1698242.0,3130764.0
2025-06-18 11:24:15.236787,151.41,1698242.0,3130764.0
2025-06-18 11:24:17.167197,151.4,1696986.0,3134295.0
2025-06-18 11:24:17.284917,151.4,1696986.0,3134295.0
2025-06-18 11:24:17.290713,151.4,1697247.0,3133888.0
2025-06-18 11:24:17.358347,151.44,1697247.0,3133888.0
2025-06-18 11:24:18.230299,151.45,1697247.0,3133888.0
2025-06-18 11:24:18.500616,151.45,1702032.0,3131450.0
2025-06-18 11:24:19.512174,151.45,1699359.0,3131418.0
2025-06-18 11:24:20.239312,151.45,1699359.0,3131418.0
2025-06-18 11:24:20.605117,151.41,1698527.0,3131988.0
2025-06-18 11:24:21.232277,151.41,1698527.0,3131988.0
2025-06-18 11:24:21.605089,151.44,1698738.0,3128104.0
2025-06-18 11:24:22.232631,151.41,1698738.0,3128104.0
2025-06-18 11:24:22.604005,151.45,1641562.0,3129465.0
2025-06-18 11:24:23.235056,151.45,1641562.0,3129465.0
2025-06-18 11:24:23.699997,151.41,1697063.0,3133192.0
2025-06-18 11:24:24.239307,151.41,1697063.0,3133192.0
2025-06-18 11:24:24.703487,151.41,1697258.0,3133531.0
2025-06-18 11:24:25.700758,151.41,1697758.0,3133560.0
2025-06-18 11:24:26.720856,151.45,1697164.0,3132510.0
2025-06-18 11:24:27.231846,151.45,1697164.0,3132510.0
2025-06-18 11:24:27.733377,151.41,1698151.0,3133187.0
2025-06-18 11:24:28.231929,151.41,1698151.0,3133187.0
2025-06-18 11:24:28.705440,151.45,1697367.0,3134781.0
2025-06-18 11:24:29.243168,151.41,1697367.0,3134781.0
2025-06-18 11:24:29.801949,151.43,1694085.0,3138088.0
2025-06-18 11:24:30.236353,151.43,1694085.0,3138088.0
2025-06-18 11:24:30.805190,151.41,1687346.0,3143458.0
2025-06-18 11:24:31.237826,151.42,1687346.0,3143458.0
2025-06-18 11:24:31.904463,151.41,1687399.0,3142621.0
2025-06-18 11:24:32.241413,151.41,1687399.0,3142621.0
2025-06-18 11:24:33.005255,151.41,1687348.0,3142620.0
2025-06-18 11:24:33.276443,151.41,1687348.0,3142620.0
2025-06-18 11:24:33.907342,151.41,1687344.0,3143036.0
2025-06-18 11:24:34.233077,151.41,1687344.0,3143036.0
2025-06-18 11:24:35.005983,151.41,1686816.0,3142707.0
2025-06-18 11:24:35.239536,151.41,1686816.0,3142707.0
2025-06-18 11:24:36.107511,151.41,1686780.0,3142824.0
2025-06-18 11:24:36.228871,151.41,1686780.0,3142824.0
2025-06-18 11:24:37.215176,151.44,1693603.0,3139013.0
2025-06-18 11:24:37.260373,151.44,1693603.0,3139013.0
2025-06-18 11:24:38.246358,151.44,1693603.0,3139013.0
2025-06-18 11:24:38.305878,151.44,1700875.0,3141404.0
2025-06-18 11:24:39.237138,151.44,1700875.0,3141404.0
2025-06-18 11:24:39.305540,151.44,1701015.0,3141154.0
2025-06-18 11:24:40.230732,151.44,1701015.0,3141154.0
2025-06-18 11:24:40.406766,151.45,1699918.0,3145420.0
2025-06-18 11:24:41.231878,151.41,1699918.0,3145420.0
2025-06-18 11:24:41.506690,151.44,1700311.0,3144806.0
2025-06-18 11:24:42.234328,151.44,1700311.0,3144806.0
2025-06-18 11:24:42.612734,151.44,1700417.0,3145319.0
2025-06-18 11:24:43.607733,151.44,1699934.0,3144028.0
2025-06-18 11:24:44.234884,151.44,1699934.0,3144028.0
2025-06-18 11:24:44.611910,151.44,1699722.0,3143660.0
2025-06-18 11:24:45.227831,151.41,1699722.0,3143660.0
2025-06-18 11:24:45.709906,151.44,1699899.0,3140321.0
2025-06-18 11:24:46.229156,151.44,1699899.0,3140321.0
2025-06-18 11:24:46.809755,151.44,1642516.0,3139277.0
2025-06-18 11:24:47.238918,151.44,1642516.0,3139277.0
2025-06-18 11:24:47.920464,151.44,1696649.0,3136352.0
2025-06-18 11:24:48.226384,151.44,1696649.0,3136352.0
2025-06-18 11:24:49.446170,151.45,1696402.0,3139576.0
2025-06-18 11:24:49.448883,151.45,1696402.0,3139576.0
2025-06-18 11:24:49.479785,151.45,1696402.0,3139576.0
2025-06-18 11:24:50.113336,151.45,1699785.0,3138103.0
2025-06-18 11:24:50.259747,151.45,1699785.0,3138103.0
2025-06-18 11:24:50.566949,151.45,1699785.0,3138103.0
2025-06-18 11:24:51.246407,151.42,1700345.0,3137903.0
2025-06-18 11:24:51.250081,151.42,1700345.0,3137903.0
2025-06-18 11:24:51.476055,151.42,1700345.0,3137903.0
2025-06-18 11:24:52.228547,151.44,1700345.0,3137903.0
2025-06-18 11:24:52.314441,151.44,1700073.0,3137618.0
2025-06-18 11:24:52.406398,151.44,1700073.0,3137618.0
2025-06-18 11:24:53.233114,151.42,1700073.0,3137618.0
2025-06-18 11:24:53.280147,151.42,1700073.0,3137618.0
2025-06-18 11:24:53.419544,151.42,1700106.0,3138240.0
2025-06-18 11:24:54.041653,151.42,1700106.0,3138240.0
2025-06-18 11:24:54.232435,151.44,1700106.0,3138240.0
2025-06-18 11:24:54.420771,151.44,1700099.0,3136930.0
2025-06-18 11:24:55.057897,151.44,1700099.0,3136930.0
2025-06-18 11:24:55.310995,151.43,1700099.0,3136930.0
2025-06-18 11:24:55.479255,151.43,1700084.0,3136928.0
2025-06-18 11:24:55.635186,151.43,1700084.0,3136928.0
2025-06-18 11:24:56.048376,151.43,1700084.0,3136928.0
2025-06-18 11:24:56.228358,151.41,1700084.0,3136928.0
2025-06-18 11:24:56.417504,151.41,1699447.0,3136930.0
2025-06-18 11:24:56.525092,151.41,1699447.0,3136930.0
2025-06-18 11:24:57.228583,151.41,1699447.0,3136930.0
2025-06-18 11:24:57.517187,151.41,1699862.0,3136930.0
2025-06-18 11:24:57.780417,151.41,1699862.0,3136930.0
2025-06-18 11:24:58.230677,151.41,1699862.0,3136930.0
2025-06-18 11:24:58.520414,151.41,1699222.0,3138868.0
2025-06-18 11:24:59.024917,151.41,1699222.0,3138868.0
2025-06-18 11:24:59.231418,151.43,1699222.0,3138868.0
2025-06-18 11:24:59.622361,151.43,1695550.0,3139781.0
2025-06-18 11:24:59.898564,151.43,1695550.0,3139781.0
2025-06-18 11:25:00.231129,151.41,1695550.0,3139781.0
2025-06-18 11:25:00.722002,151.41,1697147.0,3139327.0
2025-06-18 11:25:01.232152,151.41,1697147.0,3139327.0
2025-06-18 11:25:01.281298,151.41,1697147.0,3139327.0
2025-06-18 11:25:02.412555,151.41,1697147.0,3139327.0
2025-06-18 11:25:03.234382,151.41,1697147.0,3139327.0
2025-06-18 11:25:03.544629,151.41,1697147.0,3139327.0
2025-06-18 11:25:04.730517,151.44,1696554.0,3139888.0
2025-06-18 11:25:05.011023,151.44,1696554.0,3139888.0
2025-06-18 11:25:05.244335,151.44,1696554.0,3139888.0
2025-06-18 11:25:07.235167,151.41,1696554.0,3139888.0
2025-06-18 11:25:09.231103,151.43,1696554.0,3139888.0
2025-06-18 11:25:10.331485,151.41,1695266.0,3142799.0
2025-06-18 11:25:11.266079,151.41,1695266.0,3142799.0
2025-06-18 11:25:13.258369,151.42,1695266.0,3142799.0
2025-06-18 11:25:15.231315,151.41,1695266.0,3142799.0
2025-06-18 11:25:15.734905,151.43,1693691.0,3142179.0
2025-06-18 11:25:17.229839,151.45,1693691.0,3142179.0
2025-06-18 11:25:19.231354,151.45,1693691.0,3142179.0
2025-06-18 11:25:21.144452,151.41,1701765.0,3142271.0
2025-06-18 11:25:21.231302,151.41,1701765.0,3142271.0
2025-06-18 11:25:23.367885,151.41,1701765.0,3142271.0
2025-06-18 11:25:25.234218,151.41,1701765.0,3142271.0
2025-06-18 11:25:26.242801,151.41,1703349.0,3144619.0
2025-06-18 11:25:27.231419,151.42,1703349.0,3144619.0
2025-06-18 11:25:29.234070,151.41,1703349.0,3144619.0
2025-06-18 11:25:31.155028,151.42,1702880.0,3142688.0
2025-06-18 11:25:31.234846,151.45,1702880.0,3142688.0
2025-06-18 11:25:33.233768,151.45,1702880.0,3142688.0
2025-06-18 11:25:35.246509,151.42,1702880.0,3142688.0
2025-06-18 11:25:36.153533,151.42,1702510.0,3142660.0
2025-06-18 11:25:37.235503,151.42,1702510.0,3142660.0
2025-06-18 11:25:39.937882,151.42,1702510.0,3142660.0
2025-06-18 11:25:41.046884,151.4,1704879.0,3142398.0
2025-06-18 11:25:41.228426,151.4,1704879.0,3142398.0
2025-06-18 11:25:43.231512,151.41,1704879.0,3142398.0
2025-06-18 11:25:45.232340,151.42,1704879.0,3142398.0
2025-06-18 11:25:45.653033,151.41,1700470.0,3142103.0
2025-06-18 11:25:47.236897,151.4,1700470.0,3142103.0
2025-06-18 11:25:49.228149,151.4,1700470.0,3142103.0
2025-06-18 11:25:50.951112,151.4,1708640.0,3140917.0
2025-06-18 11:25:51.236015,151.4,1708640.0,3140917.0
2025-06-18 11:25:53.236503,151.4,1708640.0,3140917.0
2025-06-18 11:25:55.242544,151.4,1708640.0,3140917.0
2025-06-18 11:25:56.057454,151.45,1716179.0,3064157.0
2025-06-18 11:25:57.246044,151.49,1716179.0,3064157.0
2025-06-18 11:25:59.229135,151.5,1716179.0,3064157.0
2025-06-18 11:26:01.235752,151.44,1716179.0,3064157.0
2025-06-18 11:26:01.699682,151.44,1734819.0,3070588.0
2025-06-18 11:26:02.233768,151.44,1734819.0,3070588.0
2025-06-18 11:26:02.754580,151.44,1736280.0,3072526.0
2025-06-18 11:26:03.241822,151.49,1736280.0,3072526.0
2025-06-18 11:26:03.853203,151.44,1735336.0,3073525.0
2025-06-18 11:26:04.230525,151.44,1735336.0,3073525.0
2025-06-18 11:26:04.972707,151.44,1732709.0,3075010.0
2025-06-18 11:26:05.245381,151.44,1732709.0,3075010.0
2025-06-18 11:26:05.856221,151.48,1730478.0,3084174.0
2025-06-18 11:26:06.238355,151.48,1730478.0,3084174.0
2025-06-18 11:26:06.754271,151.48,1730893.0,3083842.0
2025-06-18 11:26:07.230746,151.48,1730893.0,3083842.0
2025-06-18 11:26:07.954735,151.48,1730043.0,3077767.0
2025-06-18 11:26:08.236796,151.48,1730043.0,3077767.0
2025-06-18 11:26:09.254075,151.47,1730043.0,3077767.0
2025-06-18 11:26:09.558252,151.47,1729783.0,3078427.0
2025-06-18 11:26:10.259471,151.44,1729783.0,3078427.0
2025-06-18 11:26:10.559535,151.47,1727533.0,3081047.0
2025-06-18 11:26:11.398776,151.45,1727533.0,3081047.0
2025-06-18 11:26:11.560740,151.45,1726429.0,3081397.0
2025-06-18 11:26:12.238020,151.44,1726429.0,3081397.0
2025-06-18 11:26:12.673512,151.44,1727476.0,3079875.0
2025-06-18 11:26:13.230470,151.44,1727476.0,3079875.0
2025-06-18 11:26:13.763407,151.45,1727491.0,3080126.0
2025-06-18 11:26:14.229366,151.45,1727491.0,3080126.0
2025-06-18 11:26:14.765978,151.45,1727894.0,3080528.0
2025-06-18 11:26:15.766341,151.47,1726587.0,3079729.0
2025-06-18 11:26:16.261901,151.47,1726587.0,3079729.0
2025-06-18 11:26:16.766010,151.46,1726947.0,3081133.0
2025-06-18 11:26:17.229277,151.46,1726947.0,3081133.0
2025-06-18 11:26:17.766622,151.45,1729138.0,3080734.0
2025-06-18 11:26:18.243899,151.45,1729138.0,3080734.0
2025-06-18 11:26:18.766477,151.46,1727240.0,3080539.0
2025-06-18 11:26:19.247843,151.46,1727240.0,3080539.0
2025-06-18 11:26:19.769717,151.46,1728404.0,3079915.0
2025-06-18 11:26:20.448163,151.47,1728404.0,3079915.0
2025-06-18 11:26:20.768670,151.47,1731954.0,3078462.0
2025-06-18 11:26:21.776468,151.45,1731711.0,3079060.0
2025-06-18 11:26:22.227118,151.47,1731711.0,3079060.0
2025-06-18 11:26:22.769365,151.47,1730428.0,3077000.0
2025-06-18 11:26:23.768847,151.48,1730047.0,3075866.0
2025-06-18 11:26:24.232894,151.48,1730047.0,3075866.0
2025-06-18 11:26:24.768327,151.49,1736881.0,3073439.0
2025-06-18 11:26:25.274030,151.48,1736881.0,3073439.0
2025-06-18 11:26:25.769578,151.48,1738836.0,3075530.0
2025-06-18 11:26:26.255027,151.48,1738836.0,3075530.0
2025-06-18 11:26:26.770333,151.48,1737458.0,3074561.0
2025-06-18 11:26:27.234717,151.47,1737458.0,3074561.0
2025-06-18 11:26:27.770469,151.47,1738612.0,3073374.0
2025-06-18 11:26:28.236629,151.45,1738612.0,3073374.0
2025-06-18 11:26:28.776808,151.45,1738036.0,3075152.0
2025-06-18 11:26:29.684156,151.45,1736859.0,3075279.0
2025-06-18 11:26:30.241182,151.47,1736859.0,3075279.0
2025-06-18 11:26:30.706513,151.46,1731616.0,3082449.0
2025-06-18 11:26:31.233985,151.47,1731616.0,3082449.0
2025-06-18 11:26:31.771467,151.47,1732995.0,3081243.0
2025-06-18 11:26:32.689390,151.45,1732066.0,3081882.0
2025-06-18 11:26:33.233303,151.45,1732066.0,3081882.0
2025-06-18 11:26:33.708358,151.45,1731362.0,3084061.0
2025-06-18 11:26:34.235571,151.45,1731362.0,3084061.0
2025-06-18 11:26:34.575276,151.45,1731362.0,3082782.0
2025-06-18 11:26:35.228872,151.45,1731362.0,3082782.0
2025-06-18 11:26:35.704008,151.45,1722284.0,3079260.0
2025-06-18 11:26:36.243329,151.45,1722284.0,3079260.0
2025-06-18 11:26:36.779701,151.45,1722170.0,3078796.0
2025-06-18 11:26:37.245037,151.45,1722170.0,3078796.0
2025-06-18 11:26:37.877864,151.45,1723416.0,3080978.0
2025-06-18 11:26:38.238531,151.45,1723416.0,3080978.0
2025-06-18 11:26:38.878765,151.45,1727617.0,3074689.0
2025-06-18 11:26:39.240560,151.45,1727617.0,3074689.0
2025-06-18 11:26:39.877550,151.45,1721660.0,3078458.0
2025-06-18 11:26:40.244298,151.45,1721660.0,3078458.0
2025-06-18 11:26:40.877625,151.45,1724722.0,3078662.0
2025-06-18 11:26:41.236647,151.45,1724722.0,3078662.0
2025-06-18 11:26:41.877313,151.45,1724804.0,3082333.0
2025-06-18 11:26:42.234503,151.45,1724804.0,3082333.0
2025-06-18 11:26:42.982139,151.45,1725260.0,3082295.0
2025-06-18 11:26:43.249604,151.45,1725260.0,3082295.0
2025-06-18 11:26:44.080441,151.45,1725798.0,3078668.0
2025-06-18 11:26:44.259686,151.45,1725798.0,3078668.0
2025-06-18 11:26:45.189491,151.45,1734804.0,3074602.0
2025-06-18 11:26:45.229940,151.45,1734804.0,3074602.0
2025-06-18 11:26:46.239332,151.45,1734804.0,3074602.0
2025-06-18 11:26:46.286256,151.45,1733657.0,3078646.0
2025-06-18 11:26:47.234610,151.45,1733657.0,3078646.0
2025-06-18 11:26:47.380730,151.45,1732969.0,3077136.0
2025-06-18 11:26:48.232684,151.45,1732969.0,3077136.0
2025-06-18 11:26:48.383173,151.45,1733746.0,3078092.0
2025-06-18 11:26:49.235857,151.45,1733746.0,3078092.0
2025-06-18 11:26:49.491275,151.45,1733505.0,3077772.0
2025-06-18 11:26:50.235215,151.45,1733505.0,3077772.0
2025-06-18 11:26:50.486459,151.45,1732570.0,3079773.0
2025-06-18 11:26:51.231667,151.45,1732570.0,3079773.0
2025-06-18 11:26:51.696575,151.45,1733030.0,3079082.0
2025-06-18 11:26:52.240891,151.45,1733030.0,3079082.0
2025-06-18 11:26:52.784169,151.45,1730159.0,3080054.0
2025-06-18 11:26:53.235974,151.45,1730159.0,3080054.0
2025-06-18 11:26:53.885387,151.45,1729493.0,3078974.0
2025-06-18 11:26:54.251520,151.45,1729493.0,3078974.0
2025-06-18 11:26:54.788047,151.45,1732038.0,3077738.0
2025-06-18 11:26:55.236540,151.45,1732038.0,3077738.0
2025-06-18 11:26:55.790637,151.46,1731790.0,3078165.0
2025-06-18 11:26:56.230835,151.45,1731790.0,3078165.0
2025-06-18 11:26:56.891413,151.45,1730755.0,3077532.0
2025-06-18 11:26:57.232856,151.45,1730755.0,3077532.0
2025-06-18 11:26:57.994149,151.45,1732296.0,3078246.0
2025-06-18 11:26:58.248797,151.45,1732296.0,3078246.0
2025-06-18 11:26:58.991944,151.45,1732638.0,3078593.0
2025-06-18 11:26:59.240145,151.45,1732638.0,3078593.0
2025-06-18 11:26:59.894425,151.45,1732842.0,3077894.0
2025-06-18 11:27:00.246201,151.45,1732842.0,3077894.0
2025-06-18 11:27:01.235661,151.45,1732842.0,3077894.0
2025-06-18 11:27:01.721504,151.46,1731909.0,3078065.0
2025-06-18 11:27:02.235976,151.46,1731909.0,3078065.0
2025-06-18 11:27:02.706731,151.46,1736765.0,3072895.0
2025-06-18 11:27:03.726375,151.46,1735057.0,3072639.0
2025-06-18 11:27:04.799036,151.47,1736034.0,3074227.0
2025-06-18 11:27:05.238693,151.46,1736034.0,3074227.0
2025-06-18 11:27:05.797940,151.47,1733928.0,3073938.0
2025-06-18 11:27:06.266917,151.48,1733928.0,3073938.0
2025-06-18 11:27:06.796824,151.48,1732135.0,3073068.0
2025-06-18 11:27:07.244369,151.48,1732135.0,3073068.0
2025-06-18 11:27:08.245189,151.47,1732135.0,3073068.0
2025-06-18 11:27:08.397408,151.47,1746530.0,3069655.0
2025-06-18 11:27:09.239819,151.47,1746530.0,3069655.0
2025-06-18 11:27:09.500992,151.54,1745637.0,3049459.0
2025-06-18 11:27:10.242361,151.54,1745637.0,3049459.0
2025-06-18 11:27:10.500153,151.54,1745622.0,3051019.0
2025-06-18 11:27:11.247242,151.54,1745622.0,3051019.0
2025-06-18 11:27:11.599673,151.54,1737439.0,3049765.0
2025-06-18 11:27:12.230913,151.53,1737439.0,3049765.0
2025-06-18 11:27:12.711102,151.47,1738710.0,3049651.0
2025-06-18 11:27:13.237306,151.47,1738710.0,3049651.0
2025-06-18 11:27:13.801100,151.47,1740802.0,3049083.0
2025-06-18 11:27:14.804328,151.48,1739988.0,3048786.0
2025-06-18 11:27:15.247317,151.48,1739988.0,3048786.0
2025-06-18 11:27:15.903000,151.52,1750973.0,3040068.0
2025-06-18 11:27:16.252220,151.58,1750973.0,3040068.0
2025-06-18 11:27:17.002757,151.51,1748118.0,3038983.0
2025-06-18 11:27:17.244804,151.5,1748118.0,3038983.0
2025-06-18 11:27:18.102048,151.5,1751969.0,3040983.0
2025-06-18 11:27:20.438281,151.5,1751917.0,3037611.0
2025-06-18 11:27:20.486915,151.5,1747929.0,3042117.0
2025-06-18 11:27:21.209061,151.51,1754660.0,3038893.0
2025-06-18 11:27:21.236313,151.51,1754660.0,3038893.0
2025-06-18 11:27:22.218389,151.51,1755867.0,3039070.0
2025-06-18 11:27:22.256494,151.51,1755867.0,3039070.0
2025-06-18 11:27:23.213657,151.53,1753959.0,3039494.0
2025-06-18 11:27:23.278653,151.53,1753959.0,3039494.0
2025-06-18 11:27:24.210727,151.54,1767577.0,3019680.0
2025-06-18 11:27:24.256003,151.54,1767577.0,3019680.0
2025-06-18 11:27:25.217949,151.6,1767338.0,3027569.0
2025-06-18 11:27:25.274297,151.6,1767338.0,3027569.0
2025-06-18 11:27:26.213619,151.6,1767937.0,3026870.0
2025-06-18 11:27:26.271994,151.6,1767937.0,3026870.0
2025-06-18 11:27:27.220465,151.55,1762296.0,3030122.0
2025-06-18 11:27:27.289722,151.55,1762296.0,3030122.0
2025-06-18 11:27:28.214696,151.55,1766357.0,3025686.0
2025-06-18 11:27:28.270260,151.55,1766357.0,3025686.0
2025-06-18 11:27:29.213974,151.58,1766634.0,3031207.0
2025-06-18 11:27:29.284794,151.58,1766634.0,3031207.0
2025-06-18 11:27:30.218430,151.6,1768880.0,3030041.0
2025-06-18 11:27:30.279009,151.6,1768880.0,3030041.0
2025-06-18 11:27:31.282232,151.56,1768880.0,3030041.0
2025-06-18 11:27:31.309220,151.56,1769646.0,3030399.0
2025-06-18 11:27:32.410432,151.55,1765647.0,3031251.0
2025-06-18 11:27:33.245494,151.55,1765647.0,3031251.0
2025-06-18 11:27:33.410429,151.55,1765656.0,3032449.0
2025-06-18 11:27:34.242521,151.54,1765656.0,3032449.0
2025-06-18 11:27:34.511527,151.54,1764887.0,3032529.0
2025-06-18 11:27:35.612529,151.58,1764621.0,3032192.0
2025-06-18 11:27:36.240189,151.54,1764621.0,3032192.0
2025-06-18 11:27:36.716087,151.54,1765187.0,3032547.0
2025-06-18 11:27:37.238431,151.58,1765187.0,3032547.0
2025-06-18 11:27:37.813688,151.54,1765429.0,3032551.0
2025-06-18 11:27:38.246550,151.58,1765429.0,3032551.0
2025-06-18 11:27:38.914549,151.54,1765460.0,3030320.0
2025-06-18 11:27:39.238662,151.54,1765460.0,3030320.0
2025-06-18 11:27:39.918698,151.54,1765414.0,3031979.0
2025-06-18 11:27:41.017383,151.58,1764314.0,3033107.0
2025-06-18 11:27:41.244271,151.54,1764314.0,3033107.0
2025-06-18 11:27:42.117177,151.58,1763060.0,3034339.0
2025-06-18 11:27:42.247027,151.58,1763060.0,3034339.0
2025-06-18 11:27:43.222839,151.58,1765672.0,3033900.0
2025-06-18 11:27:44.240804,151.58,1765672.0,3033900.0
2025-06-18 11:27:44.316429,151.58,1773763.0,3075021.0
2025-06-18 11:27:45.225301,151.58,1767863.0,3069147.0
2025-06-18 11:27:45.237609,151.58,1767863.0,3069147.0
2025-06-18 11:27:46.240732,151.55,1767863.0,3069147.0
2025-06-18 11:27:46.317559,151.54,1759649.0,3072414.0
2025-06-18 11:27:47.239756,151.54,1759649.0,3072414.0
2025-06-18 11:27:47.417860,151.54,1760431.0,3071353.0
2025-06-18 11:27:48.236997,151.55,1760431.0,3071353.0
2025-06-18 11:27:48.518553,151.54,1760982.0,3071846.0
2025-06-18 11:27:49.240130,151.54,1760982.0,3071846.0
2025-06-18 11:27:49.522228,151.54,1761217.0,3071826.0
2025-06-18 11:27:49.912272,151.54,1761217.0,3071826.0
2025-06-18 11:27:50.242124,151.56,1761217.0,3071826.0
2025-06-18 11:27:50.520554,151.56,1763552.0,3072203.0
2025-06-18 11:27:50.999310,151.56,1763552.0,3072203.0
2025-06-18 11:27:51.236355,151.56,1763552.0,3072203.0
2025-06-18 11:27:51.518759,151.56,1764421.0,3072784.0
2025-06-18 11:27:51.913496,151.56,1764421.0,3072784.0
2025-06-18 11:27:52.522932,151.54,1767726.0,3072227.0
2025-06-18 11:27:52.841571,151.54,1767726.0,3072227.0
2025-06-18 11:27:53.241042,151.54,1767726.0,3072227.0
2025-06-18 11:27:53.523739,151.54,1768653.0,3076786.0
2025-06-18 11:27:53.735131,151.54,1768653.0,3076786.0
2025-06-18 11:27:54.238024,151.53,1768653.0,3076786.0
2025-06-18 11:27:54.483578,151.53,1768653.0,3076786.0
2025-06-18 11:27:54.520027,151.53,1774272.0,3076332.0
2025-06-18 11:27:55.243037,151.53,1774272.0,3076332.0
2025-06-18 11:27:55.497162,151.53,1774272.0,3076332.0
2025-06-18 11:27:55.519490,151.53,1778536.0,3075692.0
2025-06-18 11:27:56.062528,151.53,1778536.0,3075692.0
2025-06-18 11:27:56.238755,151.53,1778536.0,3075692.0
2025-06-18 11:27:56.465319,151.53,1778536.0,3075692.0
2025-06-18 11:27:56.528744,151.54,1790893.0,3073542.0
2025-06-18 11:27:56.949804,151.54,1790893.0,3073542.0
2025-06-18 11:27:57.238069,151.54,1790893.0,3073542.0
2025-06-18 11:27:57.327995,151.54,1790893.0,3073542.0
2025-06-18 11:27:57.422984,151.54,1791858.0,3072347.0
2025-06-18 11:27:58.253625,151.54,1791858.0,3072347.0
2025-06-18 11:27:58.266637,151.54,1791858.0,3072347.0
2025-06-18 11:27:58.527151,151.54,1792170.0,3072698.0
2025-06-18 11:27:59.234606,151.56,1792170.0,3072698.0
2025-06-18 11:27:59.449153,151.56,1792170.0,3072698.0
2025-06-18 11:27:59.524209,151.55,1792582.0,3070848.0
2025-06-18 11:28:00.254147,151.55,1792582.0,3070848.0
2025-06-18 11:28:00.310707,151.55,1792582.0,3070848.0
2025-06-18 11:28:00.624816,151.55,1792596.0,3071123.0
2025-06-18 11:28:01.236091,151.55,1792596.0,3071123.0
2025-06-18 11:28:01.715464,151.55,1792596.0,3071123.0
2025-06-18 11:28:02.848423,151.55,1792596.0,3071123.0
2025-06-18 11:28:03.028224,151.55,1792781.0,3071402.0
2025-06-18 11:28:03.237895,151.56,1792781.0,3071402.0
2025-06-18 11:28:03.981291,151.56,1792781.0,3071402.0
2025-06-18 11:28:05.237889,151.56,1792781.0,3071402.0
2025-06-18 11:28:05.598025,151.56,1792781.0,3071402.0
2025-06-18 11:28:07.239723,151.56,1792781.0,3071402.0
2025-06-18 11:28:07.931367,151.55,1795667.0,3071403.0
2025-06-18 11:28:10.488646,151.56,1795667.0,3071403.0
2025-06-18 11:28:11.243270,151.56,1795667.0,3071403.0
2025-06-18 11:28:12.537636,151.56,1800246.0,3066073.0
2025-06-18 11:28:13.246985,151.6,1800246.0,3066073.0
2025-06-18 11:28:15.244515,151.56,1800246.0,3066073.0
2025-06-18 11:28:17.246054,151.55,1800246.0,3066073.0
2025-06-18 11:28:17.536662,151.58,1802125.0,3065747.0
2025-06-18 11:28:19.243959,151.55,1802125.0,3065747.0
2025-06-18 11:28:21.240552,151.6,1802125.0,3065747.0
2025-06-18 11:28:22.842727,151.6,1816243.0,3063938.0
2025-06-18 11:28:23.247073,151.6,1816243.0,3063938.0
2025-06-18 11:28:25.247709,151.6,1816243.0,3063938.0
2025-06-18 11:28:27.245386,151.6,1816243.0,3063938.0
2025-06-18 11:28:28.183290,151.52,1782639.0,3066471.0
2025-06-18 11:28:29.247471,151.53,1782639.0,3066471.0
2025-06-18 11:28:31.243689,151.55,1782639.0,3066471.0
2025-06-18 11:28:33.149458,151.59,1774677.0,3069681.0
2025-06-18 11:28:33.245223,151.59,1774677.0,3069681.0
2025-06-18 11:28:35.245757,151.59,1774677.0,3069681.0
2025-06-18 11:28:37.246310,151.58,1774677.0,3069681.0
2025-06-18 11:28:38.156189,151.6,1783746.0,3071186.0
2025-06-18 11:28:39.246768,151.53,1783746.0,3071186.0
2025-06-18 11:28:41.247679,151.52,1783746.0,3071186.0
2025-06-18 11:28:43.055375,151.57,1792816.0,3082599.0
2025-06-18 11:28:43.241751,151.57,1792816.0,3082599.0
2025-06-18 11:28:45.243803,151.53,1792816.0,3082599.0
2025-06-18 11:28:47.341774,151.56,1792816.0,3082599.0
2025-06-18 11:28:48.061269,151.54,1794960.0,3083564.0
2025-06-18 11:28:49.243127,151.57,1794960.0,3083564.0
2025-06-18 11:28:51.249082,151.56,1794960.0,3083564.0
2025-06-18 11:28:53.175548,151.56,1793859.0,3083167.0
2025-06-18 11:28:53.245799,151.53,1793859.0,3083167.0
2025-06-18 11:28:55.247901,151.54,1793859.0,3083167.0
2025-06-18 11:28:57.264945,151.54,1793859.0,3083167.0
2025-06-18 11:28:57.866209,151.54,1788285.0,3084987.0
2025-06-18 11:28:59.245009,151.53,1788285.0,3084987.0
2025-06-18 11:29:01.677438,151.54,1793680.0,3085430.0
2025-06-18 11:29:02.271421,151.53,1793680.0,3085430.0
2025-06-18 11:29:02.773413,151.53,1793464.0,3085775.0
2025-06-18 11:29:03.249245,151.53,1793464.0,3085775.0
2025-06-18 11:29:03.865051,151.53,1792931.0,3085000.0
2025-06-18 11:29:04.253414,151.53,1792931.0,3085000.0
2025-06-18 11:29:04.967546,151.53,1792821.0,3087349.0
2025-06-18 11:29:05.274962,151.53,1792821.0,3087349.0
2025-06-18 11:29:06.255046,151.53,1792821.0,3087349.0
2025-06-18 11:29:06.466659,151.53,1791988.0,3086141.0
2025-06-18 11:29:07.244840,151.53,1791988.0,3086141.0
2025-06-18 11:29:07.567406,151.54,1792299.0,3086048.0
2025-06-18 11:29:08.250069,151.53,1792299.0,3086048.0
2025-06-18 11:29:08.683050,151.53,1792380.0,3086649.0
2025-06-18 11:29:09.272071,151.53,1792380.0,3086649.0
2025-06-18 11:29:09.770377,151.53,1792358.0,3086558.0
2025-06-18 11:29:10.247040,151.53,1792358.0,3086558.0
2025-06-18 11:29:10.770050,151.53,1792175.0,3085612.0
2025-06-18 11:29:11.267331,151.53,1792175.0,3085612.0
2025-06-18 11:29:11.867553,151.53,1791984.0,3085601.0
2025-06-18 11:29:12.246075,151.53,1791984.0,3085601.0
2025-06-18 11:29:12.867672,151.54,1791094.0,3085897.0
2025-06-18 11:29:13.248385,151.53,1791094.0,3085897.0
2025-06-18 11:29:13.870403,151.53,1791066.0,3085915.0
2025-06-18 11:29:14.261137,151.53,1791066.0,3085915.0
2025-06-18 11:29:14.870848,151.53,1792139.0,3084374.0
2025-06-18 11:29:15.271761,151.53,1792139.0,3084374.0
2025-06-18 11:29:15.976190,151.53,1790982.0,3080990.0
2025-06-18 11:29:16.245194,151.53,1790982.0,3080990.0
2025-06-18 11:29:17.076666,151.53,1790323.0,3081924.0
2025-06-18 11:29:17.249794,151.53,1790323.0,3081924.0
2025-06-18 11:29:18.208069,151.56,1798307.0,3081882.0
2025-06-18 11:29:18.249065,151.56,1798307.0,3081882.0
2025-06-18 11:29:19.253354,151.57,1798307.0,3081882.0
2025-06-18 11:29:19.280064,151.57,1799190.0,3081956.0
2025-06-18 11:29:20.247323,151.57,1799190.0,3081956.0
2025-06-18 11:29:20.374959,151.57,1803945.0,3079414.0
2025-06-18 11:29:21.249943,151.57,1803945.0,3079414.0
2025-06-18 11:29:21.276849,151.57,1804898.0,3080454.0
2025-06-18 11:29:22.251308,151.57,1804898.0,3080454.0
2025-06-18 11:29:22.278575,151.57,1804589.0,3081163.0
2025-06-18 11:29:23.245622,151.54,1804589.0,3081163.0
2025-06-18 11:29:23.379427,151.54,1800117.0,3080943.0
2025-06-18 11:29:24.252051,151.54,1800117.0,3080943.0
2025-06-18 11:29:24.479855,151.57,1800695.0,3080941.0
2025-06-18 11:29:25.266047,151.53,1800695.0,3080941.0
2025-06-18 11:29:25.486621,151.53,1797898.0,3081034.0
2025-06-18 11:29:26.247497,151.57,1797898.0,3081034.0
2025-06-18 11:29:26.493947,151.57,1800182.0,3079942.0
2025-06-18 11:29:27.247306,151.56,1800182.0,3079942.0
2025-06-18 11:29:27.487274,151.56,1799503.0,3080071.0
2025-06-18 11:29:28.757476,151.57,1799503.0,3080071.0
2025-06-18 11:29:28.795927,151.56,1795561.0,3081153.0
2025-06-18 11:29:29.242178,151.56,1795561.0,3081153.0
2025-06-18 11:29:29.481672,151.56,1798485.0,3081363.0
2025-06-18 11:29:30.246434,151.56,1798485.0,3081363.0
2025-06-18 11:29:30.381742,151.56,1799233.0,3081740.0
2025-06-18 11:29:31.242496,151.55,1799233.0,3081740.0
2025-06-18 11:29:31.383137,151.55,1797409.0,3083478.0
2025-06-18 11:29:32.419695,151.56,1797409.0,3083478.0
2025-06-18 11:29:32.486358,151.56,1798476.0,3082480.0
2025-06-18 11:29:33.253978,151.56,1798476.0,3082480.0
2025-06-18 11:29:33.490496,151.56,1798225.0,3082566.0
2025-06-18 11:29:34.248290,151.52,1798225.0,3082566.0
2025-06-18 11:29:34.493366,151.55,1794688.0,3086340.0
2025-06-18 11:29:35.249617,151.55,1794688.0,3086340.0
2025-06-18 11:29:35.492511,151.55,1795903.0,3086108.0
2025-06-18 11:29:36.246898,151.51,1795903.0,3086108.0
2025-06-18 11:29:36.587797,151.54,1794579.0,3083578.0
2025-06-18 11:29:37.244309,151.54,1794579.0,3083578.0
2025-06-18 11:29:37.495367,151.54,1798941.0,3083750.0
2025-06-18 11:29:38.247367,151.55,1798941.0,3083750.0
2025-06-18 11:29:38.590620,151.55,1799454.0,3084007.0
2025-06-18 11:29:39.245664,151.55,1799454.0,3084007.0
2025-06-18 11:29:39.701442,151.55,1804428.0,3084001.0
2025-06-18 11:29:40.246927,151.55,1804428.0,3084001.0
2025-06-18 11:29:40.807990,151.54,1806375.0,3083883.0
2025-06-18 11:29:41.255520,151.55,1806375.0,3083883.0
2025-06-18 11:29:41.890553,151.55,1807013.0,3078333.0
2025-06-18 11:29:42.248741,151.55,1807013.0,3078333.0
2025-06-18 11:29:42.891687,151.55,1807841.0,3078066.0
2025-06-18 11:29:43.243586,151.55,1807841.0,3078066.0
2025-06-18 11:29:43.893022,151.54,1806815.0,3079295.0
2025-06-18 11:29:44.247356,151.52,1806815.0,3079295.0
2025-06-18 11:29:44.996188,151.54,1804422.0,3081748.0
2025-06-18 11:29:45.250523,151.54,1804422.0,3081748.0
2025-06-18 11:29:46.100716,151.54,1802165.0,3081298.0
2025-06-18 11:29:46.245505,151.54,1802165.0,3081298.0
2025-06-18 11:29:47.207553,151.55,1802646.0,3081698.0
2025-06-18 11:29:47.242967,151.55,1802646.0,3081698.0
2025-06-18 11:29:48.230381,151.55,1802978.0,3081273.0
2025-06-18 11:29:48.258391,151.55,1802978.0,3081273.0
2025-06-18 11:29:49.243908,151.55,1802978.0,3081273.0
2025-06-18 11:29:49.294015,151.55,1804144.0,3083828.0
2025-06-18 11:29:50.250363,151.5,1804144.0,3083828.0
2025-06-18 11:29:50.394428,151.55,1803144.0,3085347.0
2025-06-18 11:29:51.246717,151.55,1803144.0,3085347.0
2025-06-18 11:29:51.497292,151.55,1802011.0,3084843.0
2025-06-18 11:29:52.246050,151.55,1802011.0,3084843.0
2025-06-18 11:29:52.399470,151.55,1801515.0,3083828.0
2025-06-18 11:29:53.246202,151.57,1801515.0,3083828.0
2025-06-18 11:29:53.498052,151.57,1801739.0,3079345.0
2025-06-18 11:29:54.249592,151.51,1801739.0,3079345.0
2025-06-18 11:29:54.599745,151.51,1803290.0,3090889.0
2025-06-18 11:29:55.262671,151.5,1803290.0,3090889.0
2025-06-18 11:29:55.710329,151.51,1802893.0,3092203.0
2025-06-18 11:29:56.247154,151.51,1802893.0,3092203.0
2025-06-18 11:29:56.711771,151.51,1802907.0,3091844.0
2025-06-18 11:29:57.258312,151.51,1802907.0,3091844.0
2025-06-18 11:29:57.808262,151.51,1802889.0,3091316.0
2025-06-18 11:29:58.295671,151.51,1802889.0,3091316.0
2025-06-18 11:29:58.807154,151.51,1804182.0,3091596.0
2025-06-18 11:29:59.904975,151.51,1803937.0,3090660.0
2025-06-18 11:30:00.246612,151.51,1803937.0,3090660.0
2025-06-18 11:30:01.248399,151.55,1803937.0,3090660.0
2025-06-18 11:30:03.255072,151.5,1803937.0,3090660.0
2025-06-18 11:30:04.309267,151.5,1768001.0,3107239.0
2025-06-18 11:30:06.250062,151.51,1768001.0,3107239.0
2025-06-18 11:30:09.254231,151.5,1768001.0,3107239.0
2025-06-18 11:30:09.733433,151.52,1770094.0,3106602.0
2025-06-18 11:30:12.259545,151.5,1770094.0,3106602.0
2025-06-18 11:30:15.223849,151.5,1755613.0,3116001.0
2025-06-18 11:30:15.257988,151.5,1755613.0,3116001.0
2025-06-18 11:30:18.249793,151.5,1755613.0,3116001.0
2025-06-18 11:30:20.517627,151.5,1759232.0,3103297.0
2025-06-18 11:30:21.261156,151.5,1759232.0,3103297.0
2025-06-18 11:30:24.249527,151.5,1759232.0,3103297.0
2025-06-18 11:30:26.237340,151.5,1762046.0,3105343.0
2025-06-18 11:30:27.252423,151.5,1762046.0,3105343.0
2025-06-18 11:30:29.252404,151.52,1762046.0,3105343.0
2025-06-18 11:30:31.250001,151.5,1762046.0,3105343.0
2025-06-18 11:30:31.520159,151.5,1765559.0,3103386.0
2025-06-18 11:30:33.250448,151.5,1765559.0,3103386.0
2025-06-18 11:30:35.267239,151.5,1765559.0,3103386.0
2025-06-18 11:30:37.304760,151.5,1768027.0,3104539.0
2025-06-18 11:30:37.313619,151.5,1768027.0,3104539.0
2025-06-18 11:30:39.270702,151.5,1768027.0,3104539.0
2025-06-18 11:30:41.258639,151.54,1768027.0,3104539.0
2025-06-18 11:30:41.831042,151.56,1787193.0,3078630.0
2025-06-18 11:30:43.273876,151.51,1787193.0,3078630.0
2025-06-18 11:30:45.273430,151.55,1787193.0,3078630.0
2025-06-18 11:30:47.287202,151.55,1787193.0,3078630.0
2025-06-18 11:30:47.334649,151.55,1807528.0,3069442.0
2025-06-18 11:30:49.254251,151.58,1807528.0,3069442.0
2025-06-18 11:30:50.331748,151.58,1807528.0,3069442.0
2025-06-18 11:30:51.271988,151.57,1807528.0,3069442.0
2025-06-18 11:30:51.422376,151.57,1807528.0,3069442.0
2025-06-18 11:30:52.344742,151.57,1807528.0,3069442.0
2025-06-18 11:30:52.439101,151.57,1804420.0,3071771.0
2025-06-18 11:30:53.258486,151.53,1804420.0,3071771.0
2025-06-18 11:30:53.286906,151.53,1804420.0,3071771.0
2025-06-18 11:30:54.154601,151.53,1804420.0,3071771.0
2025-06-18 11:30:55.260526,151.58,1804420.0,3071771.0
2025-06-18 11:30:55.973463,151.58,1804420.0,3071771.0
2025-06-18 11:30:56.539803,151.58,1804420.0,3071771.0
2025-06-18 11:30:57.263750,151.58,1804420.0,3071771.0
2025-06-18 11:30:57.448134,151.58,1804420.0,3071771.0
2025-06-18 11:30:57.541879,151.58,1812476.0,3060756.0
2025-06-18 11:30:57.817075,151.58,1812476.0,3060756.0
2025-06-18 11:30:58.711323,151.58,1812476.0,3060756.0
2025-06-18 11:30:59.294973,151.57,1812476.0,3060756.0
2025-06-18 11:30:59.952564,151.57,1812476.0,3060756.0
2025-06-18 11:31:00.813816,151.57,1812476.0,3060756.0
2025-06-18 11:31:01.258100,151.6,1812476.0,3060756.0
2025-06-18 11:31:01.847831,151.6,1817146.0,3057264.0
2025-06-18 11:31:02.223570,151.6,1817146.0,3057264.0
2025-06-18 11:31:02.294986,151.58,1817146.0,3057264.0
