timestamp,ltp,bid_qty,ask_qty
2025-06-18 11:01:36.662212,1071.0,119828.0,120541.0
2025-06-18 11:01:38.135662,1071.0,119828.0,120541.0
2025-06-18 11:01:40.136340,1071.0,119828.0,120541.0
2025-06-18 11:01:40.646741,1070.9,119752.0,120349.0
2025-06-18 11:01:42.138533,1070.9,119752.0,120349.0
2025-06-18 11:01:44.188545,1071.0,119752.0,120349.0
2025-06-18 11:01:45.655681,1071.0,119834.0,120300.0
2025-06-18 11:01:51.251526,1071.0,119490.0,120457.0
2025-06-18 11:01:56.206587,1070.9,119490.0,120457.0
2025-06-18 11:01:56.661722,1070.9,119620.0,120467.0
2025-06-18 11:02:00.141974,1070.9,119620.0,120467.0
2025-06-18 11:02:01.856783,1070.9,119711.0,119871.0
2025-06-18 11:02:06.145190,1070.9,119711.0,119871.0
2025-06-18 11:02:07.174370,1070.9,120229.0,119786.0
2025-06-18 11:02:12.145728,1070.6,120229.0,119786.0
2025-06-18 11:02:12.565125,1070.6,120168.0,119688.0
2025-06-18 11:02:14.147540,1070.9,120168.0,119688.0
2025-06-18 11:02:17.983434,1070.9,119370.0,120274.0
2025-06-18 11:02:20.142068,1070.9,119370.0,120274.0
2025-06-18 11:02:22.150213,1070.9,119370.0,120274.0
2025-06-18 11:02:23.075124,1070.9,119600.0,120163.0
2025-06-18 11:02:24.169997,1070.6,119600.0,120163.0
2025-06-18 11:02:26.152639,1070.9,119600.0,120163.0
2025-06-18 11:02:28.177699,1070.9,119151.0,119854.0
2025-06-18 11:02:30.159732,1070.9,119151.0,119854.0
2025-06-18 11:02:33.278345,1070.9,119841.0,120300.0
2025-06-18 11:02:34.147204,1070.9,119841.0,120300.0
2025-06-18 11:02:38.148749,1071.0,119841.0,120300.0
2025-06-18 11:02:38.783283,1071.0,118780.0,119991.0
2025-06-18 11:02:40.146002,1071.0,118780.0,119991.0
2025-06-18 11:02:43.998583,1071.0,118768.0,120198.0
2025-06-18 11:02:44.154784,1071.0,118768.0,120198.0
2025-06-18 11:02:46.151689,1071.0,118768.0,120198.0
2025-06-18 11:02:49.188669,1071.0,118881.0,120034.0
2025-06-18 11:02:52.150669,1071.0,118881.0,120034.0
2025-06-18 11:02:54.590777,1071.0,118905.0,119971.0
2025-06-18 11:02:56.150858,1071.0,118905.0,119971.0
2025-06-18 11:02:59.801664,1071.0,118997.0,119946.0
2025-06-18 11:03:00.152292,1071.0,118997.0,119946.0
2025-06-18 11:03:04.999368,1071.0,118981.0,119839.0
2025-06-18 11:03:10.305762,1071.0,118951.0,119939.0
2025-06-18 11:03:14.155415,1071.0,118951.0,119939.0
2025-06-18 11:03:15.602984,1071.0,118864.0,119844.0
2025-06-18 11:03:18.151591,1071.0,118864.0,119844.0
2025-06-18 11:03:20.155033,1071.0,118864.0,119844.0
2025-06-18 11:03:20.707700,1071.0,118789.0,119885.0
2025-06-18 11:03:22.174526,1070.6,118789.0,119885.0
2025-06-18 11:03:24.155857,1070.6,118789.0,119885.0
2025-06-18 11:03:26.021543,1070.6,118922.0,119753.0
2025-06-18 11:03:30.149373,1070.9,118922.0,119753.0
2025-06-18 11:03:31.219617,1070.9,117280.0,120842.0
2025-06-18 11:03:34.157135,1070.6,117280.0,120842.0
2025-06-18 11:03:36.223770,1070.6,117280.0,120842.0
2025-06-18 11:03:36.919377,1070.6,117273.0,121856.0
2025-06-18 11:03:40.149324,1070.6,117273.0,121856.0
2025-06-18 11:03:42.120240,1070.6,117327.0,121509.0
2025-06-18 11:03:44.157597,1070.6,117327.0,121509.0
2025-06-18 11:03:46.015323,1070.6,117327.0,121509.0
2025-06-18 11:03:47.024313,1070.6,117295.0,121670.0
2025-06-18 11:03:47.068430,1070.6,117295.0,121670.0
2025-06-18 11:03:48.884156,1070.6,117295.0,121670.0
2025-06-18 11:03:49.742845,1070.6,117295.0,121670.0
2025-06-18 11:03:50.548441,1070.6,117295.0,121670.0
2025-06-18 11:03:51.580768,1070.6,117295.0,121670.0
2025-06-18 11:03:51.825083,1070.6,117295.0,121675.0
2025-06-18 11:03:52.195764,1070.6,117295.0,121675.0
2025-06-18 11:03:53.062395,1070.6,117295.0,121675.0
2025-06-18 11:03:54.444718,1070.6,117295.0,121675.0
2025-06-18 11:03:55.714979,1070.6,117295.0,121675.0
2025-06-18 11:03:56.573921,1070.6,117295.0,121675.0
2025-06-18 11:03:56.728254,1070.6,117254.0,121715.0
2025-06-18 11:04:00.465376,1070.6,117254.0,121715.0
2025-06-18 11:04:00.513967,1070.6,117254.0,121715.0
2025-06-18 11:04:00.549325,1070.2,117254.0,121715.0
2025-06-18 11:04:00.550502,1070.2,117254.0,121715.0
2025-06-18 11:04:01.914084,1070.2,117254.0,121715.0
2025-06-18 11:04:01.939097,1070.2,117022.0,121732.0
2025-06-18 11:04:07.232113,1070.2,116989.0,121561.0
2025-06-18 11:04:12.238715,1070.2,117021.0,121719.0
2025-06-18 11:04:14.162334,1070.5,117021.0,121719.0
2025-06-18 11:04:16.162753,1070.2,117021.0,121719.0
2025-06-18 11:04:17.344459,1070.2,116882.0,121691.0
2025-06-18 11:04:22.167329,1070.5,116882.0,121691.0
2025-06-18 11:04:22.756539,1070.5,116665.0,121268.0
2025-06-18 11:04:24.164106,1070.3,116665.0,121268.0
2025-06-18 11:04:27.859926,1070.2,116809.0,121269.0
2025-06-18 11:04:28.157828,1070.2,116809.0,121269.0
2025-06-18 11:04:30.156259,1070.5,116809.0,121269.0
2025-06-18 11:04:33.033746,1070.5,116825.0,121270.0
2025-06-18 11:04:36.163172,1070.2,116825.0,121270.0
2025-06-18 11:04:37.864734,1070.2,116792.0,121876.0
2025-06-18 11:04:42.667669,1070.2,116858.0,121959.0
2025-06-18 11:04:44.164944,1070.5,116858.0,121959.0
2025-06-18 11:04:46.163628,1070.5,116858.0,121959.0
2025-06-18 11:04:47.783110,1070.5,116833.0,121922.0
2025-06-18 11:04:50.170606,1070.5,116833.0,121922.0
2025-06-18 11:04:52.573963,1070.5,116754.0,121899.0
2025-06-18 11:04:57.377090,1070.5,116848.0,121877.0
2025-06-18 11:05:00.162506,1070.0,116848.0,121877.0
2025-06-18 11:05:01.991385,1070.0,116418.0,122582.0
2025-06-18 11:05:06.778688,1070.0,116404.0,122572.0
2025-06-18 11:05:10.159600,1069.7,116404.0,122572.0
2025-06-18 11:05:11.880986,1069.7,116828.0,122690.0
2025-06-18 11:05:14.173968,1070.2,116828.0,122690.0
2025-06-18 11:05:16.690213,1070.2,116828.0,122690.0
2025-06-18 11:05:17.389660,1070.2,116908.0,122650.0
2025-06-18 11:05:20.177304,1070.2,116908.0,122650.0
2025-06-18 11:05:22.173166,1069.6,116908.0,122650.0
2025-06-18 11:05:22.691332,1069.6,115784.0,123639.0
2025-06-18 11:05:27.393276,1069.6,115856.0,123646.0
2025-06-18 11:05:30.158913,1070.1,115856.0,123646.0
2025-06-18 11:05:32.196219,1069.6,115856.0,123646.0
2025-06-18 11:05:32.299453,1069.6,115496.0,124194.0
2025-06-18 11:05:37.898639,1069.6,115476.0,124425.0
2025-06-18 11:05:43.100912,1069.6,115478.0,124430.0
2025-06-18 11:05:44.166890,1069.9,115478.0,124430.0
2025-06-18 11:05:48.011343,1069.9,115495.0,124230.0
2025-06-18 11:05:50.168581,1069.9,115495.0,124230.0
2025-06-18 11:05:53.111601,1069.9,115653.0,124240.0
2025-06-18 11:05:58.313032,1069.9,115632.0,124110.0
2025-06-18 11:06:00.157749,1069.9,115632.0,124110.0
2025-06-18 11:06:02.914932,1069.3,115340.0,124073.0
2025-06-18 11:06:04.178137,1069.3,115340.0,124073.0
2025-06-18 11:06:06.163350,1069.3,115340.0,124073.0
2025-06-18 11:06:07.820364,1069.3,115114.0,124161.0
2025-06-18 11:06:08.173475,1069.3,115114.0,124161.0
2025-06-18 11:06:12.721199,1069.3,115211.0,124264.0
2025-06-18 11:06:14.172018,1069.7,115211.0,124264.0
2025-06-18 11:06:17.925439,1069.7,115285.0,124102.0
2025-06-18 11:06:20.157797,1069.3,115285.0,124102.0
2025-06-18 11:06:22.727605,1069.7,115386.0,124169.0
2025-06-18 11:06:24.171356,1069.7,115386.0,124169.0
2025-06-18 11:06:27.729998,1069.4,114892.0,124200.0
2025-06-18 11:06:28.167683,1069.4,114892.0,124200.0
2025-06-18 11:06:30.165863,1069.4,114892.0,124200.0
2025-06-18 11:06:32.332838,1069.4,114475.0,124188.0
2025-06-18 11:06:36.240584,1069.4,114475.0,124188.0
2025-06-18 11:06:37.141358,1069.4,114477.0,124076.0
2025-06-18 11:06:42.163101,1069.4,114477.0,124076.0
2025-06-18 11:06:42.241627,1069.4,114391.0,124113.0
2025-06-18 11:06:44.176478,1069.4,114391.0,124113.0
2025-06-18 11:06:46.168711,1069.7,114391.0,124113.0
2025-06-18 11:06:46.720338,1069.7,114391.0,124113.0
2025-06-18 11:06:47.149841,1069.7,114652.0,124150.0
2025-06-18 11:06:47.608363,1069.7,114652.0,124150.0
2025-06-18 11:06:48.528150,1069.7,114652.0,124150.0
2025-06-18 11:06:49.762795,1069.7,114652.0,124150.0
2025-06-18 11:06:50.171280,1069.7,114652.0,124150.0
2025-06-18 11:06:50.278800,1069.7,114652.0,124150.0
2025-06-18 11:06:51.044576,1069.7,114652.0,124150.0
2025-06-18 11:06:52.033057,1069.7,114652.0,124150.0
2025-06-18 11:06:52.244185,1069.7,114653.0,124217.0
2025-06-18 11:06:52.595301,1069.7,114653.0,124217.0
2025-06-18 11:06:53.510948,1069.7,114653.0,124217.0
2025-06-18 11:06:54.751596,1069.7,114653.0,124217.0
2025-06-18 11:06:56.233946,1069.7,114653.0,124217.0
2025-06-18 11:06:57.050778,1069.7,114654.0,124218.0
2025-06-18 11:06:57.096617,1069.7,114654.0,124218.0
2025-06-18 11:06:58.340358,1069.7,114654.0,124218.0
2025-06-18 11:06:58.512541,1069.7,114654.0,124218.0
2025-06-18 11:06:59.662239,1069.7,114654.0,124218.0
2025-06-18 11:07:00.158931,1069.7,114654.0,124218.0
2025-06-18 11:07:00.818801,1069.7,114654.0,124218.0
2025-06-18 11:07:01.850928,1069.7,114587.0,124192.0
2025-06-18 11:07:02.276281,1069.7,114587.0,124192.0
2025-06-18 11:07:06.167404,1069.7,114587.0,124192.0
2025-06-18 11:07:06.756063,1069.7,114418.0,124160.0
2025-06-18 11:07:12.458015,1069.9,114533.0,123626.0
2025-06-18 11:07:14.169792,1069.9,114533.0,123626.0
2025-06-18 11:07:17.178256,1069.9,114533.0,123626.0
2025-06-18 11:07:17.966338,1069.9,114618.0,123867.0
2025-06-18 11:07:20.169536,1069.9,114618.0,123867.0
2025-06-18 11:07:23.175267,1069.9,114767.0,123746.0
2025-06-18 11:07:24.168157,1069.9,114767.0,123746.0
2025-06-18 11:07:28.063408,1069.9,114590.0,123709.0
2025-06-18 11:07:30.200121,1069.9,114590.0,123709.0
2025-06-18 11:07:32.968696,1069.9,114620.0,123831.0
2025-06-18 11:07:37.868770,1069.9,114580.0,123779.0
2025-06-18 11:07:40.200941,1069.9,114580.0,123779.0
2025-06-18 11:07:43.185926,1069.9,114628.0,123696.0
2025-06-18 11:07:46.180386,1069.9,114628.0,123696.0
2025-06-18 11:07:48.481609,1069.9,114627.0,123687.0
2025-06-18 11:07:50.180816,1069.7,114627.0,123687.0
2025-06-18 11:07:53.481667,1069.9,114624.0,123687.0
2025-06-18 11:07:54.170738,1069.9,114624.0,123687.0
2025-06-18 11:07:58.484933,1069.9,114573.0,123669.0
2025-06-18 11:07:59.176320,1069.9,114573.0,123669.0
2025-06-18 11:08:01.248302,1069.9,114573.0,123669.0
2025-06-18 11:08:03.177179,1069.7,114573.0,123669.0
2025-06-18 11:08:03.580075,1069.7,114480.0,123748.0
2025-06-18 11:08:07.183683,1069.7,114480.0,123748.0
2025-06-18 11:08:09.216653,1069.7,114584.0,123512.0
2025-06-18 11:08:11.178169,1069.7,114584.0,123512.0
2025-06-18 11:08:13.181711,1069.7,114584.0,123512.0
2025-06-18 11:08:15.126048,1069.7,113687.0,124898.0
2025-06-18 11:08:20.532792,1069.7,113687.0,124898.0
2025-06-18 11:08:20.534279,1069.7,113580.0,124974.0
2025-06-18 11:08:24.898078,1069.7,113672.0,124673.0
2025-06-18 11:08:30.604217,1069.8,113936.0,124323.0
2025-06-18 11:08:31.195913,1069.8,113936.0,124323.0
2025-06-18 11:08:36.013588,1069.8,113695.0,124308.0
2025-06-18 11:08:39.173152,1069.8,113695.0,124308.0
2025-06-18 11:08:41.111170,1069.8,113731.0,124413.0
2025-06-18 11:08:46.411188,1069.8,113807.0,124643.0
2025-06-18 11:08:47.176121,1069.8,113807.0,124643.0
2025-06-18 11:08:51.613345,1069.8,113775.0,124402.0
2025-06-18 11:08:56.814980,1069.8,113786.0,124254.0
2025-06-18 11:08:59.178739,1069.7,113786.0,124254.0
2025-06-18 11:09:01.714895,1069.7,113726.0,124373.0
2025-06-18 11:09:03.195432,1069.7,113726.0,124373.0
2025-06-18 11:09:06.722645,1069.7,113674.0,124202.0
2025-06-18 11:09:12.031201,1069.4,113814.0,123895.0
2025-06-18 11:09:14.309800,1069.4,113814.0,123895.0
2025-06-18 11:09:15.181914,1069.7,113814.0,123895.0
2025-06-18 11:09:18.826677,1069.7,114036.0,124102.0
2025-06-18 11:09:19.166691,1069.7,114036.0,124102.0
2025-06-18 11:09:23.329026,1069.7,114059.0,123989.0
2025-06-18 11:09:25.180153,1069.7,114059.0,123989.0
2025-06-18 11:09:28.634505,1069.7,114037.0,124167.0
2025-06-18 11:09:31.171946,1069.7,114037.0,124167.0
2025-06-18 11:09:34.036728,1069.7,114096.0,124072.0
2025-06-18 11:09:39.899651,1069.7,114096.0,124072.0
2025-06-18 11:09:39.901503,1069.7,114260.0,124137.0
2025-06-18 11:09:41.171530,1069.7,114260.0,124137.0
2025-06-18 11:09:44.541784,1069.7,114527.0,124192.0
2025-06-18 11:09:45.182003,1069.7,114527.0,124192.0
2025-06-18 11:09:47.187241,1069.7,114527.0,124192.0
2025-06-18 11:09:47.225799,1069.7,114527.0,124192.0
2025-06-18 11:09:48.206510,1069.7,114527.0,124192.0
2025-06-18 11:09:49.094987,1069.7,114527.0,124192.0
2025-06-18 11:09:49.650086,1069.7,114296.0,124128.0
2025-06-18 11:09:50.017817,1069.7,114296.0,124128.0
2025-06-18 11:09:51.632435,1069.7,114296.0,124128.0
2025-06-18 11:09:52.632095,1069.7,114296.0,124128.0
2025-06-18 11:09:53.205540,1069.7,114296.0,124128.0
2025-06-18 11:09:54.085036,1069.7,114296.0,124128.0
2025-06-18 11:09:55.345632,1069.7,114296.0,124128.0
2025-06-18 11:09:55.373046,1069.7,114368.0,124223.0
2025-06-18 11:09:56.578155,1069.7,114368.0,124223.0
2025-06-18 11:09:57.183252,1069.7,114368.0,124223.0
2025-06-18 11:09:57.558007,1069.7,114368.0,124223.0
2025-06-18 11:09:58.968922,1069.7,114368.0,124223.0
2025-06-18 11:09:59.179123,1069.7,114368.0,124223.0
2025-06-18 11:10:00.114440,1069.7,114368.0,124223.0
2025-06-18 11:10:00.345801,1069.4,114441.0,124221.0
2025-06-18 11:10:01.177902,1069.7,114441.0,124221.0
2025-06-18 11:10:01.236575,1069.7,114441.0,124221.0
2025-06-18 11:10:02.711674,1069.7,114441.0,124221.0
2025-06-18 11:10:05.450685,1069.7,114466.0,124003.0
2025-06-18 11:10:10.653625,1069.7,114353.0,123978.0
2025-06-18 11:10:13.184483,1069.4,114353.0,123978.0
2025-06-18 11:10:16.160034,1069.7,114317.0,124055.0
2025-06-18 11:10:17.188394,1069.7,114317.0,124055.0
2025-06-18 11:10:19.178633,1069.7,114317.0,124055.0
2025-06-18 11:10:21.257306,1069.7,114408.0,123840.0
2025-06-18 11:10:23.180569,1069.7,114408.0,123840.0
2025-06-18 11:10:26.566254,1069.7,114422.0,124114.0
2025-06-18 11:10:31.220277,1069.7,114422.0,124114.0
2025-06-18 11:10:32.169315,1069.7,114483.0,124119.0
2025-06-18 11:10:37.768560,1069.7,114348.0,124046.0
2025-06-18 11:10:39.178025,1069.7,114348.0,124046.0
2025-06-18 11:10:43.180768,1069.7,114492.0,123808.0
2025-06-18 11:10:45.178648,1070.0,114492.0,123808.0
2025-06-18 11:10:47.177445,1069.9,114492.0,123808.0
2025-06-18 11:10:48.372466,1069.9,114408.0,123803.0
2025-06-18 11:10:49.178526,1069.9,114408.0,123803.0
2025-06-18 11:10:53.475949,1069.9,114324.0,123832.0
2025-06-18 11:10:58.785441,1069.9,114319.0,123745.0
2025-06-18 11:10:59.176760,1069.9,114319.0,123745.0
2025-06-18 11:11:01.177307,1069.7,114319.0,123745.0
2025-06-18 11:11:04.088197,1069.7,113880.0,123697.0
2025-06-18 11:11:07.181965,1069.4,113880.0,123697.0
2025-06-18 11:11:09.596009,1069.4,113856.0,124073.0
2025-06-18 11:11:14.896779,1069.4,113871.0,124074.0
2025-06-18 11:11:17.191596,1069.4,113871.0,124074.0
2025-06-18 11:11:20.217569,1069.4,113793.0,124437.0
2025-06-18 11:11:25.298354,1069.4,113823.0,124369.0
2025-06-18 11:11:29.228552,1069.7,113823.0,124369.0
2025-06-18 11:11:30.403045,1069.8,113859.0,124195.0
2025-06-18 11:11:31.180791,1069.8,113859.0,124195.0
2025-06-18 11:11:35.307421,1069.8,113922.0,124257.0
2025-06-18 11:11:39.190580,1069.9,113922.0,124257.0
2025-06-18 11:11:40.309953,1069.9,114003.0,123855.0
2025-06-18 11:11:45.412666,1069.9,113823.0,124031.0
2025-06-18 11:11:47.215706,1069.9,113823.0,124031.0
2025-06-18 11:11:49.195767,1069.9,113823.0,124031.0
2025-06-18 11:11:50.415423,1069.9,114006.0,124275.0
2025-06-18 11:11:55.625205,1069.9,113968.0,124198.0
2025-06-18 11:11:59.180933,1069.9,113968.0,124198.0
2025-06-18 11:12:00.627892,1069.9,114215.0,124205.0
2025-06-18 11:12:01.177223,1069.9,114215.0,124205.0
2025-06-18 11:12:05.227814,1069.9,114064.0,124047.0
2025-06-18 11:12:10.118020,1069.9,114064.0,124047.0
2025-06-18 11:12:10.238334,1069.9,114169.0,124066.0
2025-06-18 11:12:11.179633,1069.9,114169.0,124066.0
2025-06-18 11:12:15.336750,1069.9,114140.0,124070.0
2025-06-18 11:12:17.182137,1069.9,114140.0,124070.0
2025-06-18 11:12:19.179245,1069.9,114140.0,124070.0
2025-06-18 11:12:20.738959,1069.9,114086.0,124093.0
2025-06-18 11:12:25.578738,1069.9,113876.0,124216.0
2025-06-18 11:12:29.182240,1069.8,113876.0,124216.0
2025-06-18 11:12:30.548997,1069.8,113869.0,124231.0
2025-06-18 11:12:31.183402,1069.9,113869.0,124231.0
2025-06-18 11:12:33.184384,1069.8,113869.0,124231.0
2025-06-18 11:12:35.854308,1069.8,113639.0,125309.0
2025-06-18 11:12:37.182892,1069.6,113639.0,125309.0
2025-06-18 11:12:39.185580,1069.6,113639.0,125309.0
2025-06-18 11:12:41.173153,1069.6,113550.0,125476.0
2025-06-18 11:12:46.062251,1069.6,113566.0,125531.0
2025-06-18 11:12:47.182553,1069.6,113566.0,125531.0
2025-06-18 11:12:47.555725,1069.6,113566.0,125531.0
2025-06-18 11:12:48.620120,1069.6,113566.0,125531.0
2025-06-18 11:12:49.528763,1069.6,113566.0,125531.0
2025-06-18 11:12:50.456633,1069.6,113566.0,125531.0
2025-06-18 11:12:51.185663,1069.4,113566.0,125531.0
2025-06-18 11:12:51.264934,1069.4,113768.0,125736.0
2025-06-18 11:12:51.310730,1069.4,113768.0,125736.0
2025-06-18 11:12:52.072237,1069.4,113768.0,125736.0
2025-06-18 11:12:53.063066,1069.4,113768.0,125736.0
2025-06-18 11:12:54.036069,1069.4,113768.0,125736.0
2025-06-18 11:12:55.758096,1069.4,113768.0,125736.0
2025-06-18 11:12:56.973995,1069.4,113562.0,125636.0
2025-06-18 11:12:56.999802,1069.4,113562.0,125636.0
2025-06-18 11:12:57.880203,1069.4,113562.0,125636.0
2025-06-18 11:12:59.251376,1069.4,113562.0,125636.0
2025-06-18 11:13:00.389997,1069.4,113562.0,125636.0
2025-06-18 11:13:01.567726,1069.4,113562.0,125636.0
2025-06-18 11:13:02.175430,1069.4,113554.0,125280.0
2025-06-18 11:13:03.028353,1069.4,113554.0,125280.0
2025-06-18 11:13:03.213772,1069.5,113554.0,125280.0
2025-06-18 11:13:07.078027,1069.5,113406.0,125681.0
2025-06-18 11:13:07.186442,1069.5,113406.0,125681.0
2025-06-18 11:13:09.185139,1069.5,113406.0,125681.0
2025-06-18 11:13:11.188024,1069.0,113406.0,125681.0
2025-06-18 11:13:12.081253,1069.0,113737.0,125389.0
2025-06-18 11:13:15.191560,1069.5,113737.0,125389.0
2025-06-18 11:13:16.783782,1069.5,111213.0,125359.0
2025-06-18 11:13:19.189434,1069.5,111213.0,125359.0
2025-06-18 11:13:21.685062,1069.5,113631.0,125383.0
2025-06-18 11:13:26.686708,1069.5,113645.0,125249.0
2025-06-18 11:13:31.593423,1069.5,112450.0,126142.0
2025-06-18 11:13:36.595570,1069.5,113065.0,125911.0
2025-06-18 11:13:39.188633,1069.4,113065.0,125911.0
2025-06-18 11:13:41.797274,1069.4,112970.0,125822.0
2025-06-18 11:13:45.187837,1069.4,112970.0,125822.0
2025-06-18 11:13:46.900079,1069.4,112996.0,125724.0
2025-06-18 11:13:49.189526,1069.4,112996.0,125724.0
2025-06-18 11:13:51.601235,1069.4,112979.0,125724.0
2025-06-18 11:13:56.804519,1069.4,112959.0,125596.0
2025-06-18 11:13:59.186737,1069.3,112959.0,125596.0
2025-06-18 11:14:02.106913,1069.3,112920.0,125603.0
2025-06-18 11:14:07.019039,1069.3,113024.0,125534.0
2025-06-18 11:14:09.195986,1069.0,113024.0,125534.0
2025-06-18 11:14:12.020712,1069.0,113128.0,125530.0
2025-06-18 11:14:13.228616,1069.0,113128.0,125530.0
2025-06-18 11:14:15.192497,1069.6,113128.0,125530.0
2025-06-18 11:14:17.114423,1069.6,115680.0,123289.0
2025-06-18 11:14:17.199717,1069.6,115680.0,123289.0
2025-06-18 11:14:19.194075,1070.0,115680.0,123289.0
2025-06-18 11:14:21.821184,1070.0,115878.0,122878.0
2025-06-18 11:14:26.923517,1069.7,115618.0,122954.0
2025-06-18 11:14:27.205236,1069.7,115618.0,122954.0
2025-06-18 11:14:32.229797,1069.7,115427.0,122936.0
2025-06-18 11:14:33.192818,1069.6,115427.0,122936.0
2025-06-18 11:14:37.222621,1070.1,115427.0,122936.0
2025-06-18 11:14:37.564118,1070.1,115792.0,122299.0
2025-06-18 11:14:39.191392,1070.1,115792.0,122299.0
2025-06-18 11:14:42.433354,1070.1,116304.0,122759.0
2025-06-18 11:14:47.938913,1070.1,116463.0,122616.0
2025-06-18 11:14:49.192272,1070.3,116463.0,122616.0
2025-06-18 11:14:53.443412,1070.3,116335.0,122663.0
2025-06-18 11:14:58.950835,1070.3,116379.0,122621.0
2025-06-18 11:14:59.191610,1070.3,116379.0,122621.0
2025-06-18 11:15:04.157646,1070.3,116115.0,122465.0
2025-06-18 11:15:10.476047,1070.4,116115.0,122465.0
2025-06-18 11:15:10.476986,1070.4,116361.0,122504.0
2025-06-18 11:15:14.458490,1070.4,116404.0,122503.0
2025-06-18 11:15:19.202084,1070.5,116404.0,122503.0
2025-06-18 11:15:19.462826,1070.5,118388.0,119843.0
2025-06-18 11:15:23.198520,1070.4,118388.0,119843.0
2025-06-18 11:15:24.367568,1070.4,118114.0,120322.0
2025-06-18 11:15:27.197452,1070.7,118114.0,120322.0
2025-06-18 11:15:29.883145,1070.7,117609.0,121192.0
2025-06-18 11:15:35.573760,1070.7,117733.0,121421.0
2025-06-18 11:15:39.206166,1070.4,117733.0,121421.0
2025-06-18 11:15:40.781449,1070.4,117775.0,121217.0
2025-06-18 11:15:45.781566,1070.4,118121.0,120489.0
2025-06-18 11:15:48.061772,1070.4,118121.0,120489.0
2025-06-18 11:15:49.085736,1070.4,118121.0,120489.0
2025-06-18 11:15:49.199620,1070.9,118121.0,120489.0
2025-06-18 11:15:49.993015,1070.9,118121.0,120489.0
2025-06-18 11:15:50.929613,1070.9,118121.0,120489.0
2025-06-18 11:15:51.484074,1070.9,118122.0,120618.0
2025-06-18 11:15:51.772335,1070.9,118122.0,120618.0
2025-06-18 11:15:52.574470,1070.9,118122.0,120618.0
2025-06-18 11:15:53.582521,1070.9,118122.0,120618.0
2025-06-18 11:15:54.131611,1070.9,118122.0,120618.0
2025-06-18 11:15:55.024061,1070.9,118122.0,120618.0
2025-06-18 11:15:56.282229,1070.9,118122.0,120618.0
2025-06-18 11:15:56.689381,1070.9,118083.0,120528.0
2025-06-18 11:15:57.548849,1070.9,118083.0,120528.0
2025-06-18 11:15:58.403336,1070.9,118083.0,120528.0
2025-06-18 11:16:00.102000,1070.9,118083.0,120528.0
2025-06-18 11:16:01.241892,1070.9,118083.0,120528.0
2025-06-18 11:16:01.889616,1070.9,118012.0,120506.0
2025-06-18 11:16:02.394090,1070.9,118012.0,120506.0
2025-06-18 11:16:03.860170,1070.9,118012.0,120506.0
2025-06-18 11:16:07.292546,1070.9,118021.0,120415.0
2025-06-18 11:16:09.200003,1071.0,118021.0,120415.0
2025-06-18 11:16:11.201282,1071.0,118021.0,120415.0
2025-06-18 11:16:12.496782,1071.0,118769.0,119918.0
2025-06-18 11:16:13.206203,1071.0,118769.0,119918.0
2025-06-18 11:16:15.199884,1071.1,118769.0,119918.0
2025-06-18 11:16:18.001127,1071.1,118840.0,119598.0
2025-06-18 11:16:19.206132,1071.1,118840.0,119598.0
2025-06-18 11:16:23.102648,1071.1,118633.0,119568.0
2025-06-18 11:16:28.106851,1071.1,118659.0,119569.0
2025-06-18 11:16:31.205052,1071.1,118659.0,119569.0
2025-06-18 11:16:33.108259,1071.1,118788.0,119582.0
2025-06-18 11:16:35.208721,1071.1,118788.0,119582.0
2025-06-18 11:16:38.512760,1071.1,118638.0,119569.0
2025-06-18 11:16:40.294078,1071.1,118638.0,119569.0
2025-06-18 11:16:43.615557,1071.1,118761.0,119541.0
2025-06-18 11:16:45.213184,1071.1,118761.0,119541.0
2025-06-18 11:16:48.726229,1071.1,118718.0,119570.0
2025-06-18 11:16:53.212803,1071.1,118718.0,119570.0
2025-06-18 11:16:53.922816,1071.1,118762.0,119566.0
2025-06-18 11:16:55.211855,1070.9,118762.0,119566.0
2025-06-18 11:17:00.407611,1070.7,117769.0,121542.0
2025-06-18 11:17:00.419834,1070.7,117769.0,121542.0
2025-06-18 11:17:03.209352,1070.8,117769.0,121542.0
2025-06-18 11:17:04.128418,1070.8,117951.0,121166.0
2025-06-18 11:17:09.209092,1070.4,117951.0,121166.0
2025-06-18 11:17:09.230964,1070.4,118456.0,120026.0
2025-06-18 11:17:11.211907,1070.9,118456.0,120026.0
2025-06-18 11:17:14.333969,1070.9,118629.0,120257.0
2025-06-18 11:17:19.209350,1070.9,118629.0,120257.0
2025-06-18 11:17:19.437653,1070.9,119895.0,118402.0
2025-06-18 11:17:23.207880,1070.8,119895.0,118402.0
2025-06-18 11:17:24.744803,1070.8,120025.0,118352.0
2025-06-18 11:17:29.841989,1070.8,120183.0,118072.0
2025-06-18 11:17:31.212888,1070.8,120183.0,118072.0
2025-06-18 11:17:34.749618,1070.8,120091.0,118584.0
2025-06-18 11:17:39.955989,1070.8,119919.0,118802.0
2025-06-18 11:17:44.953962,1070.8,119942.0,119089.0
2025-06-18 11:17:49.208643,1070.9,119942.0,119089.0
2025-06-18 11:17:49.756483,1070.7,119936.0,119260.0
2025-06-18 11:17:51.234255,1070.9,119936.0,119260.0
2025-06-18 11:17:54.361354,1070.9,119923.0,119814.0
2025-06-18 11:17:55.213507,1070.9,119923.0,119814.0
2025-06-18 11:17:58.964735,1070.9,119981.0,119970.0
2025-06-18 11:17:59.213273,1070.9,119981.0,119970.0
2025-06-18 11:18:03.671302,1070.9,119578.0,119934.0
2025-06-18 11:18:08.370294,1070.9,119540.0,119899.0
2025-06-18 11:18:11.219559,1070.5,119540.0,119899.0
2025-06-18 11:18:13.673517,1070.5,116989.0,121523.0
2025-06-18 11:18:15.209017,1070.5,116989.0,121523.0
2025-06-18 11:18:19.585912,1070.5,118027.0,122060.0
2025-06-18 11:18:20.216818,1070.5,118027.0,122060.0
2025-06-18 11:18:22.208202,1070.5,118027.0,122060.0
2025-06-18 11:18:25.180940,1070.5,118102.0,122127.0
2025-06-18 11:18:30.286240,1070.5,118115.0,121994.0
2025-06-18 11:18:34.924676,1070.0,118115.0,121994.0
2025-06-18 11:18:35.387787,1070.0,118037.0,121552.0
2025-06-18 11:18:40.218501,1070.0,118037.0,121552.0
2025-06-18 11:18:40.389825,1070.0,118151.0,121475.0
2025-06-18 11:18:45.288533,1070.0,118069.0,121808.0
2025-06-18 11:18:48.467001,1070.0,118069.0,121808.0
2025-06-18 11:18:49.542087,1070.0,118069.0,121808.0
2025-06-18 11:18:49.791876,1070.6,118088.0,121802.0
2025-06-18 11:18:50.209945,1070.6,118088.0,121802.0
2025-06-18 11:18:50.465877,1070.6,118088.0,121802.0
2025-06-18 11:18:51.396991,1070.6,118088.0,121802.0
2025-06-18 11:18:52.217368,1070.0,118088.0,121802.0
2025-06-18 11:18:52.264007,1070.0,118088.0,121802.0
2025-06-18 11:18:53.030789,1070.0,118088.0,121802.0
2025-06-18 11:18:54.062445,1070.0,118088.0,121802.0
2025-06-18 11:18:54.209901,1070.0,118088.0,121802.0
2025-06-18 11:18:54.618514,1070.0,118088.0,121802.0
2025-06-18 11:18:54.692625,1070.0,117030.0,122623.0
2025-06-18 11:18:55.025739,1070.0,117030.0,122623.0
2025-06-18 11:18:56.782123,1070.0,117030.0,122623.0
2025-06-18 11:18:58.022946,1070.0,117030.0,122623.0
2025-06-18 11:18:58.214813,1070.0,117030.0,122623.0
2025-06-18 11:18:58.884839,1070.0,117030.0,122623.0
2025-06-18 11:18:59.401703,1070.0,117028.0,122343.0
2025-06-18 11:19:00.214213,1070.0,117028.0,122343.0
2025-06-18 11:19:00.280404,1070.0,117028.0,122343.0
2025-06-18 11:19:01.553457,1070.0,117028.0,122343.0
2025-06-18 11:19:02.216668,1070.6,117028.0,122343.0
2025-06-18 11:19:02.705144,1070.6,117028.0,122343.0
2025-06-18 11:19:04.179452,1070.6,117028.0,122343.0
2025-06-18 11:19:04.223478,1070.6,117028.0,122343.0
2025-06-18 11:19:04.401368,1070.6,120985.0,120171.0
2025-06-18 11:19:08.217765,1070.5,120985.0,120171.0
2025-06-18 11:19:09.901236,1070.5,120978.0,120137.0
2025-06-18 11:19:12.213486,1070.5,120978.0,120137.0
2025-06-18 11:19:15.004301,1070.6,121195.0,120023.0
2025-06-18 11:19:16.217233,1070.6,121195.0,120023.0
2025-06-18 11:19:20.217644,1070.6,121195.0,120023.0
2025-06-18 11:19:20.219997,1070.6,120811.0,120491.0
2025-06-18 11:19:25.516683,1070.6,120910.0,120557.0
2025-06-18 11:19:30.416138,1070.6,120857.0,120582.0
2025-06-18 11:19:35.317264,1070.6,120838.0,120548.0
2025-06-18 11:19:40.120681,1070.6,120893.0,120482.0
2025-06-18 11:19:40.219259,1070.6,120893.0,120482.0
2025-06-18 11:19:45.225922,1070.6,120893.0,120519.0
2025-06-18 11:19:50.236574,1070.6,120847.0,120546.0
2025-06-18 11:19:52.224527,1070.6,120847.0,120546.0
2025-06-18 11:19:54.216296,1070.5,120847.0,120546.0
2025-06-18 11:19:55.632091,1070.5,120871.0,120446.0
2025-06-18 11:19:58.220954,1070.6,120871.0,120446.0
2025-06-18 11:20:00.520181,1070.6,120871.0,120446.0
2025-06-18 11:20:00.838705,1070.6,120728.0,121046.0
2025-06-18 11:20:05.740478,1070.6,120687.0,120803.0
2025-06-18 11:20:09.221716,1070.9,120687.0,120803.0
2025-06-18 11:20:10.545864,1070.9,120776.0,120841.0
2025-06-18 11:20:15.049933,1070.9,120745.0,120821.0
2025-06-18 11:20:19.247480,1071.0,120745.0,120821.0
2025-06-18 11:20:19.751757,1071.0,120974.0,120870.0
2025-06-18 11:20:22.220747,1071.0,120974.0,120870.0
2025-06-18 11:20:24.958602,1071.0,120954.0,120899.0
2025-06-18 11:20:29.227131,1071.0,120954.0,120899.0
2025-06-18 11:20:29.960436,1071.0,121050.0,120972.0
2025-06-18 11:20:31.221899,1070.9,121050.0,120972.0
2025-06-18 11:20:35.064811,1070.9,120577.0,121451.0
2025-06-18 11:20:37.222094,1070.9,120577.0,121451.0
2025-06-18 11:20:39.220013,1070.9,120577.0,121451.0
2025-06-18 11:20:39.879188,1070.9,119567.0,122043.0
2025-06-18 11:20:41.221984,1070.6,119567.0,122043.0
2025-06-18 11:20:44.569966,1070.6,119512.0,122226.0
2025-06-18 11:20:49.675955,1070.6,119682.0,121940.0
2025-06-18 11:20:54.675675,1070.6,119783.0,121665.0
2025-06-18 11:20:59.676682,1070.6,119696.0,121995.0
2025-06-18 11:21:04.278369,1070.6,119581.0,122225.0
2025-06-18 11:21:06.228864,1070.5,119581.0,122225.0
2025-06-18 11:21:09.184348,1070.5,119113.0,122727.0
2025-06-18 11:21:13.988361,1070.5,119363.0,122923.0
2025-06-18 11:21:18.593280,1070.5,119494.0,122831.0
2025-06-18 11:21:19.223104,1070.7,119494.0,122831.0
2025-06-18 11:21:20.224398,1070.5,119494.0,122831.0
2025-06-18 11:21:23.592992,1070.5,119410.0,122453.0
2025-06-18 11:21:28.791787,1070.5,119425.0,122452.0
2025-06-18 11:21:33.797178,1070.5,119386.0,122420.0
2025-06-18 11:21:38.607139,1070.5,119236.0,122586.0
2025-06-18 11:21:39.250668,1070.5,119236.0,122586.0
2025-06-18 11:21:41.225757,1070.7,119236.0,122586.0
2025-06-18 11:21:43.108962,1070.7,119418.0,122603.0
2025-06-18 11:21:46.240384,1070.4,119418.0,122603.0
2025-06-18 11:21:47.703506,1070.4,119186.0,122474.0
2025-06-18 11:21:48.231562,1070.0,119186.0,122474.0
2025-06-18 11:21:49.043417,1070.0,119186.0,122474.0
2025-06-18 11:21:50.145036,1070.0,119186.0,122474.0
2025-06-18 11:21:51.051468,1070.0,119186.0,122474.0
2025-06-18 11:21:52.708338,1070.0,116295.0,124069.0
2025-06-18 11:21:52.842953,1070.0,116295.0,124069.0
2025-06-18 11:21:53.644394,1070.0,116295.0,124069.0
2025-06-18 11:21:54.648023,1070.0,116295.0,124069.0
2025-06-18 11:21:55.202450,1070.0,116295.0,124069.0
2025-06-18 11:21:56.100758,1070.0,116295.0,124069.0
2025-06-18 11:21:56.224728,1070.1,116295.0,124069.0
2025-06-18 11:21:56.477957,1070.1,116295.0,124069.0
2025-06-18 11:21:57.355864,1070.1,116295.0,124069.0
2025-06-18 11:21:57.913297,1070.1,117201.0,123202.0
2025-06-18 11:21:58.233509,1069.8,117201.0,123202.0
2025-06-18 11:21:58.625047,1069.8,117201.0,123202.0
2025-06-18 11:21:59.492348,1069.8,117201.0,123202.0
2025-06-18 11:22:00.873112,1069.8,117201.0,123202.0
2025-06-18 11:22:02.015495,1069.8,117201.0,123202.0
2025-06-18 11:22:02.230925,1070.4,117201.0,123202.0
2025-06-18 11:22:02.913246,1070.4,118336.0,122310.0
2025-06-18 11:22:03.376750,1070.4,118336.0,122310.0
2025-06-18 11:22:05.189802,1070.6,118336.0,122310.0
2025-06-18 11:22:05.195386,1070.6,118336.0,122310.0
2025-06-18 11:22:07.715910,1070.6,118273.0,122456.0
2025-06-18 11:22:08.226916,1070.0,118273.0,122456.0
2025-06-18 11:22:09.224828,1070.0,118273.0,122456.0
2025-06-18 11:22:12.229042,1070.0,118273.0,122456.0
2025-06-18 11:22:12.819727,1070.0,118356.0,122461.0
2025-06-18 11:22:17.930269,1070.0,118218.0,122518.0
2025-06-18 11:22:21.258372,1069.9,118218.0,122518.0
2025-06-18 11:22:22.832019,1069.9,118322.0,122441.0
2025-06-18 11:22:27.731180,1069.9,117970.0,122792.0
2025-06-18 11:22:32.532608,1070.1,117675.0,122603.0
2025-06-18 11:22:33.238148,1070.1,117675.0,122603.0
2025-06-18 11:22:37.648890,1070.1,117594.0,122822.0
2025-06-18 11:22:42.229488,1070.3,117594.0,122822.0
2025-06-18 11:22:42.653237,1070.3,117640.0,122730.0
2025-06-18 11:22:48.050309,1070.3,117954.0,122511.0
2025-06-18 11:22:53.254783,1070.3,118206.0,122611.0
2025-06-18 11:22:57.852818,1070.3,118112.0,122781.0
2025-06-18 11:23:01.264115,1070.3,118112.0,122781.0
2025-06-18 11:23:02.683925,1070.3,116120.0,126753.0
2025-06-18 11:23:07.561865,1070.3,115737.0,126913.0
2025-06-18 11:23:10.232187,1069.5,115737.0,126913.0
2025-06-18 11:23:12.608593,1069.5,115198.0,127936.0
2025-06-18 11:23:14.241933,1069.8,115198.0,127936.0
2025-06-18 11:23:17.560547,1069.2,113253.0,128537.0
2025-06-18 11:23:19.231860,1069.2,113253.0,128537.0
2025-06-18 11:23:23.171712,1069.2,113980.0,128235.0
2025-06-18 11:23:28.471842,1069.2,114389.0,128046.0
2025-06-18 11:23:33.774452,1069.2,114485.0,127829.0
2025-06-18 11:23:38.879291,1069.2,114654.0,127441.0
2025-06-18 11:23:42.235254,1069.6,114654.0,127441.0
2025-06-18 11:23:43.788432,1069.6,114820.0,127681.0
2025-06-18 11:23:49.344361,1069.6,115134.0,127358.0
2025-06-18 11:23:50.233222,1069.6,115134.0,127358.0
2025-06-18 11:23:52.237054,1069.6,115134.0,127358.0
2025-06-18 11:23:53.386741,1069.6,115235.0,127419.0
2025-06-18 11:23:58.286973,1069.6,115211.0,127594.0
2025-06-18 11:24:02.241611,1069.2,115211.0,127594.0
2025-06-18 11:24:03.292158,1069.2,115138.0,127545.0
2025-06-18 11:24:08.293575,1069.2,115041.0,127564.0
2025-06-18 11:24:13.209535,1069.2,115018.0,127828.0
2025-06-18 11:24:18.098007,1069.2,115068.0,127772.0
2025-06-18 11:24:20.241062,1069.7,115068.0,127772.0
2025-06-18 11:24:22.236224,1069.8,115068.0,127772.0
2025-06-18 11:24:23.002866,1069.8,115293.0,128013.0
2025-06-18 11:24:26.236564,1069.8,115293.0,128013.0
2025-06-18 11:24:28.402176,1069.8,115531.0,127977.0
2025-06-18 11:24:32.243053,1069.8,115531.0,127977.0
2025-06-18 11:24:33.310652,1069.8,115500.0,128127.0
2025-06-18 11:24:34.237906,1069.8,115500.0,128127.0
2025-06-18 11:24:36.231506,1069.8,115500.0,128127.0
2025-06-18 11:24:38.216777,1069.8,115592.0,128293.0
2025-06-18 11:24:42.236376,1069.8,115592.0,128293.0
2025-06-18 11:24:43.010839,1069.8,112338.0,127657.0
2025-06-18 11:24:48.112287,1069.8,112324.0,127512.0
2025-06-18 11:24:49.479327,1069.8,112324.0,127512.0
2025-06-18 11:24:50.566415,1069.8,112324.0,127512.0
2025-06-18 11:24:51.474922,1069.8,112324.0,127512.0
2025-06-18 11:24:52.234829,1069.8,112324.0,127512.0
2025-06-18 11:24:52.405317,1069.8,112324.0,127512.0
2025-06-18 11:24:53.121963,1069.8,112181.0,127378.0
2025-06-18 11:24:53.279884,1069.8,112181.0,127378.0
2025-06-18 11:24:54.040408,1069.8,112181.0,127378.0
2025-06-18 11:24:55.057446,1069.8,112181.0,127378.0
2025-06-18 11:24:56.047745,1069.8,112181.0,127378.0
2025-06-18 11:24:57.779743,1069.8,112181.0,127378.0
2025-06-18 11:24:58.022194,1069.8,116743.0,126044.0
2025-06-18 11:24:59.024447,1069.8,116743.0,126044.0
2025-06-18 11:25:00.232347,1069.9,116743.0,126044.0
2025-06-18 11:25:01.278358,1069.9,116743.0,126044.0
2025-06-18 11:25:02.411988,1069.9,116743.0,126044.0
2025-06-18 11:25:02.727531,1069.9,116907.0,126219.0
2025-06-18 11:25:03.543656,1069.9,116907.0,126219.0
2025-06-18 11:25:04.233324,1069.9,116907.0,126219.0
2025-06-18 11:25:05.010471,1069.9,116907.0,126219.0
2025-06-18 11:25:08.032611,1069.9,116768.0,126422.0
2025-06-18 11:25:12.231685,1069.8,116768.0,126422.0
2025-06-18 11:25:13.635665,1069.8,115965.0,126536.0
2025-06-18 11:25:19.034280,1069.4,115991.0,126600.0
2025-06-18 11:25:20.234690,1069.4,115991.0,126600.0
2025-06-18 11:25:24.244703,1069.4,115991.0,126600.0
2025-06-18 11:25:24.247339,1069.4,115925.0,126828.0
2025-06-18 11:25:28.236453,1069.8,115925.0,126828.0
2025-06-18 11:25:29.259878,1069.4,113671.0,129083.0
2025-06-18 11:25:30.294225,1069.4,113671.0,129083.0
2025-06-18 11:25:34.153558,1069.4,113833.0,128220.0
2025-06-18 11:25:34.237289,1069.4,113833.0,128220.0
2025-06-18 11:25:39.905512,1069.4,113423.0,128166.0
2025-06-18 11:25:42.232262,1069.7,113423.0,128166.0
2025-06-18 11:25:43.751288,1069.7,113449.0,128207.0
2025-06-18 11:25:48.851054,1069.7,113591.0,128207.0
2025-06-18 11:25:52.241464,1069.7,113591.0,128207.0
2025-06-18 11:25:54.053524,1069.7,113838.0,128188.0
2025-06-18 11:25:59.353182,1069.7,113762.0,128267.0
2025-06-18 11:26:04.556674,1069.7,113704.0,128181.0
2025-06-18 11:26:09.694539,1069.7,113709.0,128119.0
2025-06-18 11:26:12.252957,1069.7,113709.0,128119.0
2025-06-18 11:26:14.463298,1069.7,113490.0,128438.0
2025-06-18 11:26:16.263660,1069.1,113490.0,128438.0
2025-06-18 11:26:18.246836,1069.4,113490.0,128438.0
2025-06-18 11:26:19.368410,1069.4,112572.0,129389.0
2025-06-18 11:26:20.450813,1069.4,112572.0,129389.0
2025-06-18 11:26:24.204917,1069.4,112690.0,129182.0
2025-06-18 11:26:24.236023,1069.4,112690.0,129182.0
2025-06-18 11:26:29.071367,1069.4,112880.0,128770.0
2025-06-18 11:26:32.235716,1069.4,112880.0,128770.0
2025-06-18 11:26:34.075561,1069.4,112748.0,128936.0
2025-06-18 11:26:38.879418,1069.4,113283.0,129029.0
2025-06-18 11:26:42.255639,1069.4,113283.0,129029.0
2025-06-18 11:26:44.278421,1069.4,112940.0,128922.0
2025-06-18 11:26:49.197426,1069.4,113057.0,128944.0
2025-06-18 11:26:52.245209,1069.4,113057.0,128944.0
2025-06-18 11:26:54.221774,1069.4,113009.0,128905.0
2025-06-18 11:26:58.253979,1069.0,113009.0,128905.0
2025-06-18 11:26:59.291744,1069.0,112976.0,128981.0
2025-06-18 11:27:04.398435,1069.0,113053.0,128924.0
2025-06-18 11:27:09.302822,1069.0,114402.0,128040.0
2025-06-18 11:27:14.303171,1069.0,114287.0,127692.0
2025-06-18 11:27:16.255265,1069.4,114287.0,127692.0
2025-06-18 11:27:20.438660,1069.4,114316.0,127827.0
2025-06-18 11:27:22.260633,1069.4,114316.0,127827.0
2025-06-18 11:27:24.112397,1069.4,114932.0,127130.0
2025-06-18 11:27:24.308062,1069.4,114932.0,127130.0
2025-06-18 11:27:28.283263,1069.4,114932.0,127130.0
2025-06-18 11:27:29.015630,1069.4,115234.0,126817.0
2025-06-18 11:27:32.273419,1069.8,115234.0,126817.0
2025-06-18 11:27:34.214819,1069.5,115349.0,126741.0
2025-06-18 11:27:34.248449,1069.5,115349.0,126741.0
2025-06-18 11:27:39.416158,1069.5,115471.0,126870.0
2025-06-18 11:27:44.721058,1069.5,115361.0,126720.0
2025-06-18 11:27:46.243579,1069.5,115361.0,126720.0
2025-06-18 11:27:49.911501,1069.5,115361.0,126720.0
2025-06-18 11:27:50.998947,1069.5,115361.0,126720.0
2025-06-18 11:27:51.037109,1069.5,115374.0,127186.0
2025-06-18 11:27:51.911541,1069.5,115374.0,127186.0
2025-06-18 11:27:52.245480,1069.5,115374.0,127186.0
2025-06-18 11:27:52.840546,1069.5,115374.0,127186.0
2025-06-18 11:27:53.734623,1069.5,115374.0,127186.0
2025-06-18 11:27:54.482628,1069.5,115374.0,127186.0
2025-06-18 11:27:55.496445,1069.5,115374.0,127186.0
2025-06-18 11:27:56.062049,1069.5,115374.0,127186.0
2025-06-18 11:27:56.243288,1069.9,115374.0,127186.0
2025-06-18 11:27:56.424754,1069.9,115680.0,126964.0
2025-06-18 11:27:56.464080,1069.9,115680.0,126964.0
2025-06-18 11:27:57.327174,1069.9,115680.0,126964.0
2025-06-18 11:27:58.253138,1069.9,115680.0,126964.0
2025-06-18 11:27:58.270010,1069.5,115680.0,126964.0
2025-06-18 11:27:59.445866,1069.5,115680.0,126964.0
2025-06-18 11:28:00.309603,1069.5,115680.0,126964.0
2025-06-18 11:28:01.227074,1069.5,115908.0,126746.0
2025-06-18 11:28:01.714487,1069.5,115908.0,126746.0
2025-06-18 11:28:02.241331,1069.9,115908.0,126746.0
2025-06-18 11:28:02.846943,1069.9,115908.0,126746.0
2025-06-18 11:28:03.981030,1069.9,115908.0,126746.0
2025-06-18 11:28:05.597534,1069.9,115908.0,126746.0
2025-06-18 11:28:05.934298,1069.9,116447.0,126619.0
2025-06-18 11:28:10.739837,1069.9,117072.0,125271.0
2025-06-18 11:28:12.242027,1070.0,117072.0,125271.0
2025-06-18 11:28:14.246867,1070.0,117072.0,125271.0
2025-06-18 11:28:15.536084,1070.0,117177.0,125866.0
2025-06-18 11:28:16.242029,1069.6,117177.0,125866.0
2025-06-18 11:28:20.742574,1069.6,116795.0,125775.0
2025-06-18 11:28:26.145941,1069.6,117433.0,125616.0
2025-06-18 11:28:31.345033,1069.6,117467.0,125716.0
2025-06-18 11:28:34.260897,1070.2,117467.0,125716.0
2025-06-18 11:28:36.152529,1070.2,117588.0,125745.0
2025-06-18 11:28:38.249634,1070.2,117588.0,125745.0
2025-06-18 11:28:41.054517,1070.2,117424.0,125752.0
2025-06-18 11:28:42.247629,1070.2,117424.0,125752.0
2025-06-18 11:28:44.238413,1070.3,117424.0,125752.0
2025-06-18 11:28:46.164617,1070.3,117428.0,125680.0
2025-06-18 11:28:51.269972,1070.3,117443.0,125559.0
2025-06-18 11:28:52.246958,1070.3,117443.0,125559.0
2025-06-18 11:28:56.065014,1070.3,117559.0,125550.0
2025-06-18 11:29:00.689208,1069.9,117318.0,125442.0
2025-06-18 11:29:01.281059,1069.9,117318.0,125442.0
2025-06-18 11:29:04.254864,1069.9,117318.0,125442.0
2025-06-18 11:29:05.367446,1069.9,117469.0,125545.0
2025-06-18 11:29:10.368232,1069.9,117631.0,125314.0
2025-06-18 11:29:15.692463,1069.9,117528.0,125246.0
2025-06-18 11:29:16.246681,1069.9,117528.0,125246.0
2025-06-18 11:29:21.076878,1069.9,117497.0,125343.0
2025-06-18 11:29:22.255259,1070.3,117497.0,125343.0
2025-06-18 11:29:24.254759,1069.9,117497.0,125343.0
2025-06-18 11:29:26.382289,1069.9,117425.0,125392.0
2025-06-18 11:29:31.583732,1069.9,117168.0,125373.0
2025-06-18 11:29:37.092185,1069.9,117213.0,125313.0
2025-06-18 11:29:42.250440,1069.9,117213.0,125313.0
2025-06-18 11:29:42.291349,1069.9,115995.0,126140.0
2025-06-18 11:29:47.293940,1070.0,115900.0,126077.0
2025-06-18 11:29:48.262751,1070.0,115900.0,126077.0
2025-06-18 11:29:51.897578,1070.0,115863.0,126363.0
2025-06-18 11:29:52.251316,1070.0,115863.0,126363.0
2025-06-18 11:29:57.237996,1070.0,115960.0,126073.0
2025-06-18 11:30:02.227879,1069.5,115922.0,127012.0
2025-06-18 11:30:02.249466,1069.5,115922.0,127012.0
2025-06-18 11:30:07.512261,1069.5,113786.0,128894.0
2025-06-18 11:30:08.276595,1069.5,113786.0,128894.0
2025-06-18 11:30:11.251490,1069.5,113786.0,128894.0
2025-06-18 11:30:13.012778,1069.5,113927.0,129417.0
2025-06-18 11:30:14.263055,1069.5,113927.0,129417.0
2025-06-18 11:30:18.417420,1069.5,113396.0,129750.0
2025-06-18 11:30:23.252854,1069.4,113396.0,129750.0
2025-06-18 11:30:23.919581,1069.4,113670.0,129977.0
2025-06-18 11:30:29.427757,1069.4,114164.0,130166.0
2025-06-18 11:30:32.253409,1069.2,114164.0,130166.0
2025-06-18 11:30:34.522844,1069.2,113448.0,129893.0
2025-06-18 11:30:39.736232,1069.2,113508.0,129907.0
2025-06-18 11:30:42.265889,1069.0,113508.0,129907.0
2025-06-18 11:30:45.265573,1069.0,114063.0,129630.0
2025-06-18 11:30:50.331153,1069.0,114063.0,129630.0
2025-06-18 11:30:50.437183,1069.0,114271.0,129794.0
2025-06-18 11:30:51.421644,1069.0,114271.0,129794.0
2025-06-18 11:30:52.343894,1069.0,114271.0,129794.0
2025-06-18 11:30:53.285571,1069.0,114271.0,129794.0
2025-06-18 11:30:54.153279,1069.0,114271.0,129794.0
2025-06-18 11:30:55.540053,1069.0,113821.0,129703.0
2025-06-18 11:30:55.972261,1069.0,113821.0,129703.0
2025-06-18 11:30:56.538920,1069.0,113821.0,129703.0
2025-06-18 11:30:57.447570,1069.0,113821.0,129703.0
2025-06-18 11:30:58.257029,1069.4,113821.0,129703.0
2025-06-18 11:30:58.710247,1069.4,113821.0,129703.0
2025-06-18 11:30:59.951359,1069.4,113821.0,129703.0
2025-06-18 11:31:00.649227,1069.4,114222.0,129514.0
2025-06-18 11:31:00.813285,1069.4,114222.0,129514.0
2025-06-18 11:31:02.222338,1069.4,114222.0,129514.0
2025-06-18 11:31:02.297125,1069.4,114222.0,129514.0
2025-06-18 11:31:03.348431,1069.4,114222.0,129514.0
2025-06-18 11:31:04.489094,1069.4,114222.0,129514.0
2025-06-18 11:31:05.347014,1069.4,113780.0,129728.0
2025-06-18 11:31:05.963685,1069.4,113780.0,129728.0
2025-06-18 11:31:06.295193,1068.9,113780.0,129728.0
2025-06-18 11:31:10.257146,1069.4,113780.0,129728.0
2025-06-18 11:31:10.452032,1069.4,114364.0,129602.0
2025-06-18 11:31:12.256099,1068.9,114364.0,129602.0
2025-06-18 11:31:15.562678,1068.9,114763.0,129444.0
2025-06-18 11:31:20.266148,1068.9,114763.0,129444.0
2025-06-18 11:31:20.765058,1068.9,112281.0,130346.0
2025-06-18 11:31:26.260088,1068.2,112281.0,130346.0
2025-06-18 11:31:26.365079,1068.2,111889.0,132562.0
2025-06-18 11:31:28.264595,1068.1,111889.0,132562.0
2025-06-18 11:31:31.772125,1068.1,112619.0,131664.0
2025-06-18 11:31:34.267999,1068.6,112619.0,131664.0
2025-06-18 11:31:36.875858,1068.6,112312.0,131973.0
2025-06-18 11:31:41.987983,1068.6,112453.0,131788.0
2025-06-18 11:31:42.285168,1068.6,112453.0,131788.0
2025-06-18 11:31:46.275962,1068.2,112453.0,131788.0
2025-06-18 11:31:47.191792,1068.2,112131.0,131941.0
2025-06-18 11:31:52.208384,1068.2,112130.0,131950.0
2025-06-18 11:31:57.407919,1068.2,112156.0,131939.0
2025-06-18 11:32:01.282618,1068.2,112156.0,131939.0
2025-06-18 11:32:02.097258,1068.6,112310.0,132106.0
2025-06-18 11:32:02.264656,1068.6,112310.0,132106.0
2025-06-18 11:32:02.997073,1068.6,112310.0,132131.0
2025-06-18 11:32:03.897817,1068.6,112282.0,132037.0
2025-06-18 11:32:05.797527,1068.6,112404.0,132171.0
2025-06-18 11:32:06.800692,1068.6,112088.0,132428.0
2025-06-18 11:32:07.800791,1068.6,110346.0,132230.0
2025-06-18 11:32:08.280944,1068.5,110346.0,132230.0
2025-06-18 11:32:08.799082,1068.5,108912.0,133354.0
2025-06-18 11:32:09.802498,1068.5,106561.0,134074.0
2025-06-18 11:32:10.261566,1068.0,106561.0,134074.0
2025-06-18 11:32:10.903357,1068.0,100243.0,135977.0
2025-06-18 11:32:12.004279,1067.1,103243.0,134311.0
2025-06-18 11:32:12.263915,1067.1,103243.0,134311.0
2025-06-18 11:32:13.003514,1067.0,103033.0,135048.0
2025-06-18 11:32:13.258289,1067.0,103033.0,135048.0
2025-06-18 11:32:13.908440,1067.0,103345.0,134756.0
2025-06-18 11:32:15.009448,1067.0,103413.0,134803.0
2025-06-18 11:32:16.106491,1067.0,103483.0,134724.0
2025-06-18 11:32:17.235817,1067.0,103343.0,134901.0
2025-06-18 11:32:18.221735,1067.0,103468.0,134867.0
2025-06-18 11:32:19.320190,1067.0,103567.0,134351.0
2025-06-18 11:32:20.410289,1067.0,103450.0,134872.0
2025-06-18 11:32:21.259758,1067.2,103450.0,134872.0
2025-06-18 11:32:21.414554,1067.2,107320.0,133611.0
2025-06-18 11:32:22.414137,1067.2,107835.0,133976.0
2025-06-18 11:32:23.414558,1067.2,107481.0,134011.0
2025-06-18 11:32:24.420904,1067.2,107524.0,134017.0
2025-06-18 11:32:25.318267,1067.2,107398.0,134261.0
2025-06-18 11:32:26.420325,1067.2,106421.0,134967.0
2025-06-18 11:32:27.518838,1067.2,106436.0,135197.0
2025-06-18 11:32:28.261289,1067.6,106436.0,135197.0
2025-06-18 11:32:28.621772,1067.6,107062.0,135249.0
2025-06-18 11:32:29.732258,1067.6,106247.0,136103.0
2025-06-18 11:32:30.823442,1067.6,106622.0,135745.0
2025-06-18 11:32:31.829277,1067.6,106649.0,135860.0
2025-06-18 11:32:32.258657,1067.4,106649.0,135860.0
2025-06-18 11:32:32.927115,1067.4,106798.0,135684.0
2025-06-18 11:32:34.023994,1067.4,106792.0,135644.0
2025-06-18 11:32:35.027243,1067.0,107143.0,135408.0
2025-06-18 11:32:35.261518,1067.0,107143.0,135408.0
2025-06-18 11:32:36.026551,1067.0,107239.0,135512.0
2025-06-18 11:32:36.269356,1067.0,107239.0,135512.0
2025-06-18 11:32:37.024121,1067.0,107706.0,135248.0
2025-06-18 11:32:38.026367,1067.0,107965.0,135158.0
2025-06-18 11:32:39.128051,1067.1,107677.0,134496.0
2025-06-18 11:32:39.258326,1067.1,107677.0,134496.0
2025-06-18 11:32:40.129513,1067.1,107582.0,134735.0
2025-06-18 11:32:41.126432,1067.1,107954.0,134879.0
2025-06-18 11:32:42.152991,1067.1,107991.0,134911.0
2025-06-18 11:32:43.252468,1067.1,107591.0,134882.0
2025-06-18 11:32:43.263453,1067.1,107591.0,134882.0
2025-06-18 11:32:45.030349,1067.1,107478.0,135077.0
2025-06-18 11:32:46.130035,1067.4,107893.0,134982.0
2025-06-18 11:32:46.308511,1067.4,107893.0,134982.0
2025-06-18 11:32:47.745937,1067.4,107522.0,135044.0
2025-06-18 11:32:48.633541,1067.4,107504.0,135080.0
2025-06-18 11:32:49.832958,1067.4,107518.0,135075.0
2025-06-18 11:32:50.258889,1067.0,107518.0,135075.0
2025-06-18 11:32:50.944711,1067.0,107508.0,134973.0
2025-06-18 11:32:52.260020,1067.0,107508.0,134973.0
2025-06-18 11:32:52.556954,1067.0,107951.0,135000.0
2025-06-18 11:32:53.259840,1067.4,107951.0,135000.0
2025-06-18 11:32:53.634955,1067.4,107627.0,135011.0
2025-06-18 11:32:54.744119,1067.4,108152.0,135061.0
2025-06-18 11:32:55.259937,1067.4,108152.0,135061.0
2025-06-18 11:32:55.838603,1067.4,108181.0,134977.0
2025-06-18 11:32:56.943918,1067.4,108200.0,135027.0
2025-06-18 11:32:58.042954,1067.4,107811.0,135118.0
2025-06-18 11:32:59.821779,1067.4,107707.0,135115.0
2025-06-18 11:33:00.137120,1067.1,107599.0,134965.0
2025-06-18 11:33:00.265574,1067.0,107599.0,134965.0
2025-06-18 11:33:01.536738,1067.0,106978.0,135878.0
2025-06-18 11:33:03.242909,1067.0,107019.0,135821.0
2025-06-18 11:33:04.338679,1067.0,107019.0,135799.0
2025-06-18 11:33:05.265172,1067.3,107019.0,135799.0
2025-06-18 11:33:05.441200,1067.3,106764.0,135655.0
2025-06-18 11:33:06.540424,1067.3,106834.0,135586.0
2025-06-18 11:33:07.541062,1067.3,106708.0,135529.0
2025-06-18 11:33:08.256537,1067.3,106708.0,135529.0
2025-06-18 11:33:08.541741,1067.3,106903.0,135565.0
2025-06-18 11:33:09.542527,1067.3,106903.0,135560.0
2025-06-18 11:33:10.541565,1067.3,106977.0,135473.0
2025-06-18 11:33:11.645642,1067.3,106964.0,135525.0
2025-06-18 11:33:12.263279,1067.3,106964.0,135525.0
2025-06-18 11:33:12.744194,1067.3,107040.0,135441.0
2025-06-18 11:33:13.845329,1067.3,107359.0,135473.0
2025-06-18 11:33:14.746847,1067.3,107406.0,135521.0
2025-06-18 11:33:15.948170,1067.3,107455.0,133116.0
2025-06-18 11:33:17.047070,1067.3,107586.0,135374.0
2025-06-18 11:33:18.048370,1067.3,107155.0,135341.0
2025-06-18 11:33:19.047852,1067.3,107192.0,135341.0
2025-06-18 11:33:19.952181,1067.3,107859.0,135409.0
2025-06-18 11:33:21.150584,1067.3,107609.0,135335.0
2025-06-18 11:33:22.162987,1067.3,107966.0,135378.0
2025-06-18 11:33:23.156735,1067.3,107944.0,135382.0
2025-06-18 11:33:24.156992,1067.3,107497.0,135401.0
2025-06-18 11:33:25.251539,1067.3,107860.0,135413.0
2025-06-18 11:33:26.269844,1067.3,107860.0,135413.0
2025-06-18 11:33:26.351271,1067.3,106936.0,135792.0
2025-06-18 11:33:27.274514,1067.3,106936.0,135792.0
2025-06-18 11:33:27.450289,1067.3,106240.0,136108.0
2025-06-18 11:33:28.552366,1067.3,106876.0,136187.0
2025-06-18 11:33:29.656654,1067.3,106850.0,136286.0
2025-06-18 11:33:30.664969,1067.3,105029.0,136163.0
2025-06-18 11:33:31.552445,1067.3,106440.0,136620.0
2025-06-18 11:33:32.273639,1067.2,106440.0,136620.0
2025-06-18 11:33:32.658023,1067.2,105085.0,136825.0
2025-06-18 11:33:33.655084,1067.2,106595.0,136830.0
2025-06-18 11:33:34.344114,1066.6,106595.0,136830.0
2025-06-18 11:33:34.656543,1066.6,106352.0,136802.0
2025-06-18 11:33:35.267829,1067.2,106352.0,136802.0
2025-06-18 11:33:35.658112,1067.2,106313.0,137221.0
2025-06-18 11:33:36.553586,1067.2,106307.0,137175.0
2025-06-18 11:33:37.268015,1066.5,106307.0,137175.0
2025-06-18 11:33:37.656449,1066.5,105846.0,137184.0
2025-06-18 11:33:38.758036,1066.5,105150.0,137200.0
2025-06-18 11:33:39.857274,1066.5,105199.0,137234.0
2025-06-18 11:33:40.956801,1066.5,105296.0,137155.0
2025-06-18 11:33:42.063890,1066.5,105792.0,137257.0
2025-06-18 11:33:42.959821,1066.5,105707.0,137138.0
2025-06-18 11:33:43.262931,1067.0,105707.0,137138.0
2025-06-18 11:33:43.960597,1067.0,105624.0,137314.0
2025-06-18 11:33:44.969797,1067.0,105710.0,137329.0
2025-06-18 11:33:46.062548,1067.0,105684.0,137287.0
2025-06-18 11:33:47.171404,1067.0,105523.0,137618.0
2025-06-18 11:33:48.271410,1067.0,105623.0,137667.0
2025-06-18 11:33:49.271754,1067.0,105717.0,137610.0
2025-06-18 11:33:50.304688,1067.0,105657.0,137867.0
2025-06-18 11:33:51.091169,1067.0,105657.0,137867.0
2025-06-18 11:33:51.267233,1066.5,105657.0,137867.0
2025-06-18 11:33:51.276660,1066.5,105801.0,137591.0
2025-06-18 11:33:52.222402,1066.5,105801.0,137591.0
2025-06-18 11:33:52.274961,1066.5,105860.0,137482.0
2025-06-18 11:33:53.145800,1066.5,105860.0,137482.0
2025-06-18 11:33:53.270780,1066.5,105840.0,137509.0
2025-06-18 11:33:54.099642,1066.5,105840.0,137509.0
2025-06-18 11:33:54.187630,1066.5,105839.0,137296.0
2025-06-18 11:33:54.984188,1066.5,105839.0,137296.0
2025-06-18 11:33:55.180680,1066.5,105915.0,137321.0
2025-06-18 11:33:55.791760,1066.5,105915.0,137321.0
2025-06-18 11:33:56.186285,1066.5,106344.0,136841.0
2025-06-18 11:33:56.890256,1066.5,106344.0,136841.0
2025-06-18 11:33:57.272898,1066.5,106496.0,136694.0
2025-06-18 11:33:57.465870,1066.5,106496.0,136694.0
2025-06-18 11:33:58.272774,1066.6,106496.0,136694.0
2025-06-18 11:33:58.291761,1066.6,105916.0,137039.0
2025-06-18 11:33:58.363180,1066.6,105916.0,137039.0
2025-06-18 11:33:59.283566,1066.6,105983.0,137016.0
2025-06-18 11:33:59.614275,1066.6,105983.0,137016.0
2025-06-18 11:34:00.279674,1066.6,105966.0,136954.0
2025-06-18 11:34:00.873470,1066.6,105966.0,136954.0
2025-06-18 11:34:01.747559,1066.6,105966.0,136954.0
2025-06-18 11:34:01.787155,1066.6,106029.0,136998.0
2025-06-18 11:34:02.271666,1067.0,106029.0,136998.0
2025-06-18 11:34:02.877547,1067.0,106212.0,136981.0
2025-06-18 11:34:03.125018,1067.0,106212.0,136981.0
2025-06-18 11:34:03.878935,1067.0,106212.0,136981.0
2025-06-18 11:34:04.269649,1067.0,106212.0,136981.0
2025-06-18 11:34:04.979510,1067.0,106146.0,136982.0
2025-06-18 11:34:05.513976,1067.0,106146.0,136982.0
2025-06-18 11:34:05.987302,1067.0,106173.0,136982.0
2025-06-18 11:34:06.874277,1067.0,106173.0,136982.0
2025-06-18 11:34:07.081129,1067.0,106090.0,137010.0
2025-06-18 11:34:08.098886,1067.0,106133.0,136954.0
2025-06-18 11:34:09.178793,1067.0,106061.0,137611.0
2025-06-18 11:34:10.292004,1067.0,106006.0,137614.0
2025-06-18 11:34:11.276551,1067.0,106006.0,137614.0
2025-06-18 11:34:11.310679,1067.0,106222.0,137551.0
2025-06-18 11:34:12.278616,1067.0,106222.0,137551.0
2025-06-18 11:34:12.380573,1067.0,106207.0,137538.0
2025-06-18 11:34:13.481698,1067.0,106245.0,137461.0
2025-06-18 11:34:14.583657,1067.0,106738.0,137463.0
2025-06-18 11:34:15.682135,1067.0,106770.0,137463.0
2025-06-18 11:34:16.587665,1067.0,106770.0,137463.0
2025-06-18 11:34:17.682988,1067.0,106840.0,137297.0
2025-06-18 11:34:18.785735,1067.0,106754.0,137363.0
2025-06-18 11:34:19.886867,1067.0,106753.0,137186.0
2025-06-18 11:34:21.489589,1067.0,106753.0,137186.0
2025-06-18 11:34:22.491404,1067.0,106780.0,137167.0
2025-06-18 11:34:23.689058,1067.0,106744.0,137205.0
2025-06-18 11:34:24.593193,1067.0,106744.0,137205.0
2025-06-18 11:34:26.293845,1067.0,106782.0,137188.0
2025-06-18 11:34:27.195695,1067.0,106782.0,137188.0
2025-06-18 11:34:28.201595,1067.0,106782.0,137188.0
2025-06-18 11:34:29.279327,1067.0,106782.0,137188.0
2025-06-18 11:34:29.305361,1067.0,106612.0,137127.0
2025-06-18 11:34:30.395811,1067.0,106641.0,137070.0
2025-06-18 11:34:31.273554,1067.1,106641.0,137070.0
2025-06-18 11:34:31.494419,1067.1,106122.0,136334.0
2025-06-18 11:34:32.269982,1067.1,106122.0,136334.0
2025-06-18 11:34:32.396989,1067.1,106407.0,136391.0
2025-06-18 11:34:33.291530,1066.6,106407.0,136391.0
2025-06-18 11:34:33.397695,1066.6,106188.0,136521.0
2025-06-18 11:34:34.396302,1066.6,106001.0,136475.0
2025-06-18 11:34:35.497903,1066.6,105960.0,136478.0
2025-06-18 11:34:36.596466,1066.6,105975.0,136478.0
2025-06-18 11:34:37.599335,1066.6,105843.0,136486.0
2025-06-18 11:34:38.702785,1066.6,105848.0,136486.0
2025-06-18 11:34:39.800441,1066.6,105848.0,136473.0
2025-06-18 11:34:40.905027,1066.6,105829.0,136438.0
2025-06-18 11:34:42.000040,1066.5,105891.0,136483.0
2025-06-18 11:34:42.275167,1066.5,105891.0,136483.0
2025-06-18 11:34:43.002729,1066.5,106002.0,136460.0
2025-06-18 11:34:44.105643,1066.5,105846.0,136460.0
2025-06-18 11:34:45.247468,1066.5,105798.0,136370.0
2025-06-18 11:34:46.339186,1066.5,105716.0,136373.0
2025-06-18 11:34:47.407427,1066.5,105728.0,136293.0
2025-06-18 11:34:48.408217,1066.5,105900.0,136268.0
2025-06-18 11:34:49.407764,1066.5,105671.0,136268.0
2025-06-18 11:34:50.508468,1066.5,105843.0,136268.0
2025-06-18 11:34:51.614692,1066.5,105738.0,136305.0
2025-06-18 11:34:52.717953,1066.5,105846.0,136305.0
2025-06-18 11:34:53.743375,1066.5,105748.0,136304.0
2025-06-18 11:34:54.813819,1066.5,105829.0,136326.0
2025-06-18 11:34:55.817295,1066.5,105890.0,136337.0
2025-06-18 11:34:56.814631,1066.5,105875.0,136340.0
2025-06-18 11:35:00.441395,1066.5,105994.0,136347.0
2025-06-18 11:35:00.485916,1066.6,105807.0,136334.0
2025-06-18 11:35:00.491167,1066.6,105807.0,136334.0
2025-06-18 11:35:00.496464,1066.6,105763.0,136382.0
2025-06-18 11:35:03.283165,1067.1,105763.0,136382.0
2025-06-18 11:35:03.313441,1067.1,105765.0,136324.0
2025-06-18 11:35:09.015975,1066.4,105986.0,136313.0
2025-06-18 11:35:09.292296,1066.4,105986.0,136313.0
2025-06-18 11:35:11.290666,1067.0,105986.0,136313.0
2025-06-18 11:35:13.302759,1067.1,105986.0,136313.0
2025-06-18 11:35:14.732794,1067.1,106076.0,137162.0
2025-06-18 11:35:20.512415,1067.1,105878.0,139252.0
2025-06-18 11:35:26.125308,1067.1,106199.0,137354.0
2025-06-18 11:35:29.326351,1066.7,106199.0,137354.0
2025-06-18 11:35:32.028684,1066.7,106176.0,137638.0
2025-06-18 11:35:34.288580,1066.7,106176.0,137638.0
2025-06-18 11:35:37.632727,1066.7,106183.0,137718.0
2025-06-18 11:35:43.836273,1066.7,106156.0,137961.0
2025-06-18 11:35:45.282372,1066.7,106156.0,137961.0
2025-06-18 11:35:49.641800,1066.7,106064.0,138678.0
2025-06-18 11:35:55.276234,1066.6,105934.0,138461.0
2025-06-18 11:35:55.333457,1066.6,105934.0,138461.0
2025-06-18 11:35:58.282767,1066.0,105934.0,138461.0
2025-06-18 11:36:01.047418,1066.0,105800.0,138688.0
2025-06-18 11:36:02.278272,1066.0,105800.0,138688.0
2025-06-18 11:36:04.279652,1066.0,105800.0,138688.0
2025-06-18 11:36:06.850716,1066.0,106080.0,139016.0
2025-06-18 11:36:12.555774,1066.0,106127.0,139004.0
2025-06-18 11:36:16.279890,1066.0,106127.0,139004.0
2025-06-18 11:36:18.259708,1066.4,105985.0,137998.0
2025-06-18 11:36:18.277843,1066.4,105985.0,137998.0
2025-06-18 11:36:20.286863,1066.0,105985.0,137998.0
2025-06-18 11:36:22.288431,1066.4,105985.0,137998.0
2025-06-18 11:36:23.860719,1066.4,106159.0,137887.0
2025-06-18 11:36:24.282439,1066.4,106159.0,137887.0
2025-06-18 11:36:29.360716,1066.6,107659.0,133703.0
2025-06-18 11:36:30.279585,1066.6,107659.0,133703.0
2025-06-18 11:36:34.764187,1066.6,107835.0,134553.0
2025-06-18 11:36:40.068483,1066.6,108026.0,134931.0
2025-06-18 11:36:42.283914,1066.9,108026.0,134931.0
2025-06-18 11:36:45.308012,1066.9,107334.0,134978.0
2025-06-18 11:36:50.671977,1066.9,107531.0,135084.0
2025-06-18 11:36:51.336227,1066.9,107531.0,135084.0
2025-06-18 11:36:52.278965,1066.9,107531.0,135084.0
2025-06-18 11:36:52.452056,1066.9,107531.0,135084.0
2025-06-18 11:36:53.381481,1066.9,107531.0,135084.0
2025-06-18 11:36:54.336726,1066.9,107531.0,135084.0
2025-06-18 11:36:55.228640,1066.9,107531.0,135084.0
2025-06-18 11:36:56.029228,1066.9,107531.0,135084.0
2025-06-18 11:36:56.075106,1066.9,107402.0,135331.0
2025-06-18 11:36:57.106063,1066.9,107402.0,135331.0
2025-06-18 11:36:58.075224,1066.9,107402.0,135331.0
2025-06-18 11:36:58.286351,1066.5,107402.0,135331.0
2025-06-18 11:36:58.555614,1066.5,107402.0,135331.0
2025-06-18 11:36:59.816035,1066.5,107402.0,135331.0
2025-06-18 11:37:00.296571,1066.5,107402.0,135331.0
2025-06-18 11:37:01.068775,1066.5,107402.0,135331.0
2025-06-18 11:37:01.376262,1066.5,107353.0,135621.0
2025-06-18 11:37:01.940244,1066.5,107353.0,135621.0
2025-06-18 11:37:03.353243,1066.5,107353.0,135621.0
2025-06-18 11:37:04.482478,1066.5,107353.0,135621.0
2025-06-18 11:37:05.689452,1066.5,107353.0,135621.0
2025-06-18 11:37:06.686685,1066.5,107371.0,135649.0
2025-06-18 11:37:07.107634,1066.5,107371.0,135649.0
2025-06-18 11:37:10.288096,1066.2,107371.0,135649.0
2025-06-18 11:37:11.881742,1066.1,107760.0,136228.0
2025-06-18 11:37:12.284456,1066.1,107760.0,136228.0
2025-06-18 11:37:16.312478,1066.1,107760.0,136228.0
2025-06-18 11:37:16.885988,1066.1,107319.0,135785.0
2025-06-18 11:37:21.889372,1066.1,106995.0,136024.0
2025-06-18 11:37:26.690004,1066.1,107349.0,135933.0
2025-06-18 11:37:30.284391,1066.5,107349.0,135933.0
2025-06-18 11:37:31.896012,1066.5,106965.0,136314.0
2025-06-18 11:37:32.283494,1066.5,106965.0,136314.0
2025-06-18 11:37:37.493021,1066.6,106965.0,136314.0
2025-06-18 11:37:37.532475,1066.6,108696.0,134569.0
2025-06-18 11:37:40.290147,1066.8,108696.0,134569.0
2025-06-18 11:37:42.283792,1066.8,108696.0,134569.0
2025-06-18 11:37:42.906207,1066.8,109335.0,134192.0
2025-06-18 11:37:48.209332,1066.8,109518.0,134165.0
2025-06-18 11:37:52.286569,1066.8,109518.0,134165.0
2025-06-18 11:37:53.610331,1066.8,109195.0,133670.0
2025-06-18 11:37:59.116281,1066.6,109120.0,134214.0
2025-06-18 11:37:59.295724,1066.6,109120.0,134214.0
2025-06-18 11:38:02.286150,1066.7,109120.0,134214.0
2025-06-18 11:38:04.516361,1066.7,109120.0,134158.0
2025-06-18 11:38:07.287652,1066.6,109120.0,134158.0
2025-06-18 11:38:10.120689,1066.6,109259.0,133687.0
2025-06-18 11:38:13.290984,1066.1,109259.0,133687.0
2025-06-18 11:38:15.923925,1066.1,108247.0,133905.0
2025-06-18 11:38:21.236214,1066.5,108151.0,134209.0
2025-06-18 11:38:21.293217,1066.5,108151.0,134209.0
2025-06-18 11:38:23.284130,1066.1,108151.0,134209.0
2025-06-18 11:38:26.329287,1066.1,108205.0,134401.0
2025-06-18 11:38:29.303423,1066.1,108205.0,134401.0
2025-06-18 11:38:31.763452,1066.1,108393.0,134399.0
2025-06-18 11:38:37.044008,1066.1,108396.0,134510.0
2025-06-18 11:38:42.262401,1066.5,108363.0,134477.0
2025-06-18 11:38:43.293132,1066.5,108363.0,134477.0
2025-06-18 11:38:47.289860,1066.5,108363.0,134477.0
2025-06-18 11:38:47.342796,1066.5,108212.0,134510.0
2025-06-18 11:38:49.303023,1066.5,108212.0,134510.0
2025-06-18 11:38:51.330778,1066.1,108212.0,134510.0
2025-06-18 11:38:52.448655,1066.1,108351.0,134568.0
2025-06-18 11:38:55.295360,1066.5,108351.0,134568.0
2025-06-18 11:38:57.524326,1066.5,108437.0,134450.0
2025-06-18 11:39:02.258906,1066.5,108998.0,134768.0
2025-06-18 11:39:03.292102,1066.5,108998.0,134768.0
2025-06-18 11:39:07.461103,1066.5,108898.0,134795.0
2025-06-18 11:39:09.311026,1066.1,108898.0,134795.0
2025-06-18 11:39:13.176443,1066.1,108852.0,134792.0
2025-06-18 11:39:15.300005,1066.1,108852.0,134792.0
2025-06-18 11:39:17.532679,1066.5,108852.0,134792.0
2025-06-18 11:39:18.868783,1066.5,108586.0,134983.0
2025-06-18 11:39:23.295750,1066.5,108586.0,134983.0
2025-06-18 11:39:24.280055,1066.5,108508.0,135257.0
2025-06-18 11:39:29.302900,1066.5,108508.0,135257.0
2025-06-18 11:39:29.375632,1066.5,108427.0,135293.0
2025-06-18 11:39:33.291719,1066.5,108427.0,135293.0
2025-06-18 11:39:34.479833,1066.5,108463.0,135425.0
2025-06-18 11:39:39.985853,1066.5,112532.0,135416.0
2025-06-18 11:39:44.982204,1066.5,112230.0,135370.0
2025-06-18 11:39:49.300444,1065.3,112230.0,135370.0
2025-06-18 11:39:50.386234,1065.3,104155.0,139301.0
2025-06-18 11:39:51.765699,1065.3,104155.0,139301.0
2025-06-18 11:39:53.284820,1065.3,104155.0,139301.0
2025-06-18 11:39:53.327459,1065.0,104155.0,139301.0
2025-06-18 11:39:54.215829,1065.0,104155.0,139301.0
2025-06-18 11:39:55.176801,1065.0,104155.0,139301.0
2025-06-18 11:39:55.294794,1065.0,104155.0,139301.0
2025-06-18 11:39:55.890706,1065.0,103545.0,139541.0
2025-06-18 11:39:56.048007,1065.0,103545.0,139541.0
2025-06-18 11:39:57.296034,1065.0,103545.0,139541.0
2025-06-18 11:39:57.926987,1065.0,103545.0,139541.0
2025-06-18 11:39:58.499673,1065.0,103545.0,139541.0
2025-06-18 11:39:59.295496,1065.5,103545.0,139541.0
2025-06-18 11:39:59.433038,1065.5,103545.0,139541.0
2025-06-18 11:40:00.669164,1065.5,103545.0,139541.0
2025-06-18 11:40:01.093186,1065.5,104538.0,139004.0
2025-06-18 11:40:01.303311,1065.5,104538.0,139004.0
2025-06-18 11:40:01.926251,1065.5,104538.0,139004.0
2025-06-18 11:40:02.796222,1065.5,104538.0,139004.0
2025-06-18 11:40:04.189437,1065.5,104538.0,139004.0
2025-06-18 11:40:05.313548,1065.5,104538.0,139004.0
2025-06-18 11:40:05.333670,1065.5,104538.0,139004.0
2025-06-18 11:40:06.096169,1065.5,105061.0,138850.0
2025-06-18 11:40:06.476716,1065.5,105061.0,138850.0
2025-06-18 11:40:07.984230,1065.5,105061.0,138850.0
2025-06-18 11:40:11.200807,1065.3,105007.0,138756.0
2025-06-18 11:40:11.296307,1065.3,105007.0,138756.0
2025-06-18 11:40:13.298933,1065.3,105007.0,138756.0
2025-06-18 11:40:16.307090,1065.3,105124.0,138803.0
2025-06-18 11:40:19.297268,1065.3,105124.0,138803.0
2025-06-18 11:40:21.295598,1065.5,105124.0,138803.0
2025-06-18 11:40:21.803478,1065.5,105636.0,138590.0
2025-06-18 11:40:27.209373,1065.6,105620.0,138604.0
2025-06-18 11:40:27.299432,1065.6,105620.0,138604.0
2025-06-18 11:40:29.296232,1065.5,105620.0,138604.0
2025-06-18 11:40:32.921174,1065.5,105620.0,138955.0
2025-06-18 11:40:35.298837,1065.5,105620.0,138955.0
2025-06-18 11:40:38.332414,1065.6,105613.0,138869.0
2025-06-18 11:40:39.299855,1065.6,105613.0,138869.0
2025-06-18 11:40:41.335531,1065.5,105613.0,138869.0
2025-06-18 11:40:43.295998,1065.5,105613.0,138869.0
2025-06-18 11:40:43.624424,1065.5,105330.0,139135.0
2025-06-18 11:40:49.025026,1065.5,105596.0,139323.0
2025-06-18 11:40:51.304167,1065.5,105596.0,139323.0
2025-06-18 11:40:53.300194,1065.3,105596.0,139323.0
2025-06-18 11:40:54.128206,1065.0,105016.0,139454.0
2025-06-18 11:40:55.299680,1065.0,105016.0,139454.0
2025-06-18 11:40:59.296643,1065.0,105016.0,139454.0
2025-06-18 11:40:59.731052,1065.0,105362.0,140034.0
2025-06-18 11:41:04.935380,1065.0,105618.0,140611.0
2025-06-18 11:41:10.343365,1065.0,105606.0,140485.0
2025-06-18 11:41:13.302458,1065.0,105606.0,140485.0
2025-06-18 11:41:15.442870,1065.0,105346.0,140641.0
2025-06-18 11:41:20.441973,1065.0,105496.0,139162.0
2025-06-18 11:41:25.450049,1065.0,105625.0,139274.0
2025-06-18 11:41:30.451562,1065.0,105650.0,139224.0
2025-06-18 11:41:31.316760,1065.4,105650.0,139224.0
2025-06-18 11:41:36.160791,1065.4,105817.0,138350.0
2025-06-18 11:41:39.307673,1065.2,105817.0,138350.0
2025-06-18 11:41:41.693224,1065.2,106250.0,138300.0
2025-06-18 11:41:46.860968,1065.2,106153.0,138337.0
2025-06-18 11:41:49.301391,1065.4,106153.0,138337.0
2025-06-18 11:41:51.307419,1065.1,106153.0,138337.0
2025-06-18 11:41:51.865850,1065.1,106865.0,138026.0
2025-06-18 11:41:55.309768,1065.0,106865.0,138026.0
2025-06-18 11:41:56.871254,1065.0,106759.0,138043.0
2025-06-18 11:42:01.684513,1065.0,106949.0,137959.0
2025-06-18 11:42:06.679376,1065.0,106998.0,137862.0
2025-06-18 11:42:11.880292,1065.0,107221.0,137745.0
2025-06-18 11:42:16.789079,1065.0,107090.0,137842.0
2025-06-18 11:42:19.309359,1065.4,107090.0,137842.0
2025-06-18 11:42:21.886547,1065.4,106916.0,137792.0
2025-06-18 11:42:27.092737,1065.4,107046.0,137707.0
2025-06-18 11:42:29.341203,1065.0,107046.0,137707.0
2025-06-18 11:42:32.308503,1065.0,107288.0,137746.0
2025-06-18 11:42:37.345689,1065.0,107375.0,137827.0
2025-06-18 11:42:42.706636,1065.0,107225.0,137798.0
2025-06-18 11:42:47.306301,1065.1,107225.0,137798.0
2025-06-18 11:42:48.610303,1065.1,107497.0,137668.0
2025-06-18 11:42:52.250219,1065.1,107497.0,137668.0
2025-06-18 11:42:53.309548,1065.4,107497.0,137668.0
2025-06-18 11:42:53.324300,1065.4,107497.0,137668.0
2025-06-18 11:42:54.012858,1065.4,106947.0,137753.0
2025-06-18 11:42:54.566516,1065.4,106947.0,137753.0
2025-06-18 11:42:55.315204,1065.0,106947.0,137753.0
2025-06-18 11:42:55.528660,1065.0,106947.0,137753.0
2025-06-18 11:42:56.384678,1065.0,106947.0,137753.0
2025-06-18 11:42:57.211366,1065.0,106947.0,137753.0
2025-06-18 11:42:58.288100,1065.0,106947.0,137753.0
2025-06-18 11:42:59.284760,1065.0,106947.0,137753.0
2025-06-18 11:42:59.341455,1065.0,106769.0,137728.0
2025-06-18 11:42:59.768044,1065.0,106769.0,137728.0
2025-06-18 11:43:00.149264,1065.0,106769.0,137728.0
2025-06-18 11:43:01.026833,1065.0,106769.0,137728.0
2025-06-18 11:43:02.297469,1065.0,106769.0,137728.0
2025-06-18 11:43:03.162506,1065.0,106769.0,137728.0
2025-06-18 11:43:04.219707,1065.0,106847.0,137795.0
2025-06-18 11:43:04.568097,1065.0,106847.0,137795.0
2025-06-18 11:43:05.719901,1065.0,106847.0,137795.0
2025-06-18 11:43:06.867280,1065.0,106847.0,137795.0
2025-06-18 11:43:08.409523,1065.0,106847.0,137795.0
2025-06-18 11:43:09.357304,1065.0,106876.0,137829.0
2025-06-18 11:43:14.923819,1065.4,106882.0,137851.0
2025-06-18 11:43:15.320254,1065.4,106882.0,137851.0
2025-06-18 11:43:17.313997,1065.4,106882.0,137851.0
2025-06-18 11:43:19.310595,1065.4,106882.0,137851.0
2025-06-18 11:43:20.425418,1065.4,107103.0,137891.0
2025-06-18 11:43:21.320089,1065.0,107103.0,137891.0
2025-06-18 11:43:23.309607,1065.4,107103.0,137891.0
2025-06-18 11:43:25.319685,1065.4,107103.0,137891.0
2025-06-18 11:43:25.527977,1065.4,107170.0,137813.0
2025-06-18 11:43:30.630830,1065.4,107170.0,137918.0
2025-06-18 11:43:35.351972,1065.0,107170.0,137918.0
2025-06-18 11:43:36.135530,1065.0,107126.0,137847.0
2025-06-18 11:43:41.368043,1065.3,107126.0,137847.0
2025-06-18 11:43:41.368163,1065.3,106720.0,137885.0
2025-06-18 11:43:43.328462,1065.0,106720.0,137885.0
2025-06-18 11:43:46.846398,1065.0,106767.0,137885.0
2025-06-18 11:43:49.966366,1065.0,106767.0,137885.0
2025-06-18 11:43:52.257661,1065.0,106552.0,138213.0
2025-06-18 11:43:55.356772,1065.3,106552.0,138213.0
2025-06-18 11:43:57.453006,1065.3,106670.0,138101.0
2025-06-18 11:43:59.311596,1065.3,106670.0,138101.0
2025-06-18 11:44:02.556449,1065.3,106747.0,138290.0
2025-06-18 11:44:07.312958,1065.3,106747.0,138290.0
2025-06-18 11:44:07.792338,1065.3,106731.0,137911.0
2025-06-18 11:44:12.563790,1065.3,106821.0,137935.0
2025-06-18 11:44:15.331070,1065.3,106821.0,137935.0
2025-06-18 11:44:17.331655,1065.3,106821.0,137935.0
2025-06-18 11:44:17.869200,1065.3,106840.0,137952.0
2025-06-18 11:44:19.308743,1065.3,106840.0,137952.0
2025-06-18 11:44:22.978952,1065.3,106675.0,137940.0
2025-06-18 11:44:27.313123,1065.3,106675.0,137940.0
2025-06-18 11:44:27.978723,1065.3,107062.0,137963.0
2025-06-18 11:44:29.309950,1065.3,107062.0,137963.0
2025-06-18 11:44:31.338942,1065.3,107062.0,137963.0
2025-06-18 11:44:32.878725,1065.1,106984.0,138004.0
2025-06-18 11:44:33.315336,1065.1,106984.0,138004.0
2025-06-18 11:44:37.684407,1065.1,107003.0,138008.0
2025-06-18 11:44:41.321023,1065.1,107003.0,138008.0
2025-06-18 11:44:43.086631,1065.2,107347.0,137778.0
2025-06-18 11:44:43.313649,1065.2,107347.0,137778.0
2025-06-18 11:44:45.321905,1065.3,107347.0,137778.0
2025-06-18 11:44:47.316835,1065.3,107347.0,137778.0
2025-06-18 11:44:48.389329,1065.3,107732.0,137825.0
2025-06-18 11:44:53.293478,1065.0,107673.0,137881.0
2025-06-18 11:44:53.315479,1065.0,107673.0,137881.0
2025-06-18 11:44:55.323575,1065.3,107673.0,137881.0
2025-06-18 11:44:58.092386,1065.3,107555.0,137883.0
2025-06-18 11:45:01.316347,1065.0,107555.0,137883.0
2025-06-18 11:45:02.802846,1065.0,107682.0,137932.0
2025-06-18 11:45:05.315595,1065.0,107682.0,137932.0
2025-06-18 11:45:07.326075,1065.0,107682.0,137932.0
2025-06-18 11:45:07.597763,1065.0,107622.0,137950.0
2025-06-18 11:45:12.602341,1065.0,107618.0,137880.0
2025-06-18 11:45:13.316176,1065.0,107618.0,137880.0
2025-06-18 11:45:17.328475,1065.3,107618.0,137880.0
2025-06-18 11:45:17.505225,1065.3,107543.0,137865.0
2025-06-18 11:45:22.815473,1065.3,107460.0,137857.0
2025-06-18 11:45:25.314477,1065.2,107460.0,137857.0
2025-06-18 11:45:27.712723,1065.0,107470.0,137809.0
2025-06-18 11:45:29.314881,1065.0,107470.0,137809.0
2025-06-18 11:45:32.415546,1065.0,107533.0,137800.0
2025-06-18 11:45:35.313355,1065.4,107533.0,137800.0
2025-06-18 11:45:37.217435,1066.0,109023.0,135893.0
2025-06-18 11:45:37.315088,1066.0,109023.0,135893.0
2025-06-18 11:45:39.370230,1066.0,109023.0,135893.0
2025-06-18 11:45:42.123619,1066.0,108989.0,135975.0
2025-06-18 11:45:45.314498,1065.9,108989.0,135975.0
2025-06-18 11:45:46.822849,1065.9,108985.0,136068.0
2025-06-18 11:45:47.314124,1065.9,108985.0,136068.0
2025-06-18 11:45:51.827353,1065.9,108950.0,136057.0
2025-06-18 11:45:52.723977,1065.9,108950.0,136057.0
2025-06-18 11:45:53.807214,1065.9,108950.0,136057.0
2025-06-18 11:45:54.720787,1065.9,108950.0,136057.0
2025-06-18 11:45:55.826453,1065.9,108950.0,136057.0
2025-06-18 11:45:56.699619,1065.9,108950.0,136057.0
2025-06-18 11:45:57.029111,1065.9,108313.0,136175.0
2025-06-18 11:45:57.316661,1065.9,108313.0,136175.0
2025-06-18 11:45:57.514560,1065.9,108313.0,136175.0
2025-06-18 11:45:58.644278,1065.9,108313.0,136175.0
2025-06-18 11:45:59.221061,1065.9,108313.0,136175.0
2025-06-18 11:45:59.316234,1065.4,108313.0,136175.0
2025-06-18 11:45:59.576938,1065.4,108313.0,136175.0
2025-06-18 11:46:00.063302,1065.4,108313.0,136175.0
2025-06-18 11:46:01.329616,1065.4,108313.0,136175.0
2025-06-18 11:46:01.932104,1065.4,108353.0,135761.0
2025-06-18 11:46:02.584139,1065.4,108353.0,135761.0
2025-06-18 11:46:03.452067,1065.4,108353.0,135761.0
2025-06-18 11:46:04.845643,1065.4,108353.0,135761.0
2025-06-18 11:46:06.019545,1065.4,108353.0,135761.0
2025-06-18 11:46:07.136273,1065.4,108353.0,135761.0
2025-06-18 11:46:07.234683,1065.4,107993.0,135732.0
2025-06-18 11:46:08.628386,1065.4,107993.0,135732.0
2025-06-18 11:46:12.444826,1065.4,107966.0,135778.0
2025-06-18 11:46:15.320467,1066.0,107966.0,135778.0
2025-06-18 11:46:17.539146,1066.0,108239.0,135434.0
2025-06-18 11:46:22.443955,1066.0,108102.0,135598.0
2025-06-18 11:46:23.317623,1066.0,108102.0,135598.0
2025-06-18 11:46:25.317227,1066.0,108102.0,135598.0
2025-06-18 11:46:27.445959,1066.0,109054.0,135700.0
2025-06-18 11:46:29.331948,1066.0,109054.0,135700.0
2025-06-18 11:46:33.141812,1066.0,108713.0,135660.0
2025-06-18 11:46:35.370874,1066.0,108713.0,135660.0
2025-06-18 11:46:37.053699,1066.0,108895.0,135604.0
2025-06-18 11:46:37.323209,1066.0,108895.0,135604.0
2025-06-18 11:46:39.321501,1066.0,108895.0,135604.0
2025-06-18 11:46:40.328583,1065.4,108895.0,135604.0
2025-06-18 11:46:41.955880,1066.0,109190.0,135586.0
2025-06-18 11:46:42.323157,1066.0,109190.0,135586.0
2025-06-18 11:46:44.325822,1066.0,109190.0,135586.0
2025-06-18 11:46:45.324301,1065.5,109190.0,135586.0
2025-06-18 11:46:47.726981,1065.5,109186.0,135643.0
2025-06-18 11:46:50.345761,1065.4,109186.0,135643.0
2025-06-18 11:46:51.362024,1065.4,108981.0,135896.0
2025-06-18 11:46:53.345450,1065.4,108981.0,135896.0
2025-06-18 11:46:56.267413,1065.4,108874.0,135921.0
2025-06-18 11:46:57.330460,1065.4,108874.0,135921.0
2025-06-18 11:47:00.326605,1065.9,108874.0,135921.0
2025-06-18 11:47:01.069500,1065.9,108889.0,136075.0
2025-06-18 11:47:02.325438,1065.4,108889.0,136075.0
2025-06-18 11:47:05.776988,1065.4,108854.0,136063.0
2025-06-18 11:47:11.175839,1065.4,108624.0,136066.0
2025-06-18 11:47:15.325238,1065.4,108624.0,136066.0
2025-06-18 11:47:16.576465,1065.4,105532.0,138500.0
2025-06-18 11:47:17.320708,1065.4,105532.0,138500.0
2025-06-18 11:47:19.323806,1065.0,105532.0,138500.0
2025-06-18 11:47:21.321220,1065.4,105532.0,138500.0
2025-06-18 11:47:21.680825,1065.4,105553.0,138278.0
2025-06-18 11:47:25.330830,1065.4,105553.0,138278.0
2025-06-18 11:47:26.680104,1065.4,106519.0,138041.0
2025-06-18 11:47:27.325449,1065.4,106519.0,138041.0
2025-06-18 11:47:31.812378,1065.4,105979.0,137662.0
2025-06-18 11:47:33.329843,1065.0,105979.0,137662.0
2025-06-18 11:47:37.185235,1065.0,105534.0,138220.0
2025-06-18 11:47:41.328845,1065.4,105534.0,138220.0
2025-06-18 11:47:42.808933,1065.4,105824.0,138152.0
2025-06-18 11:47:43.343030,1065.4,105824.0,138152.0
2025-06-18 11:47:47.329217,1065.4,105824.0,138152.0
2025-06-18 11:47:48.304771,1065.4,105853.0,138141.0
2025-06-18 11:47:51.320228,1065.4,105853.0,138141.0
2025-06-18 11:47:53.370698,1065.4,105860.0,138025.0
2025-06-18 11:47:58.328708,1065.4,105873.0,138491.0
2025-06-18 11:47:59.341110,1065.4,105873.0,138491.0
2025-06-18 11:48:03.302360,1065.4,105917.0,138374.0
2025-06-18 11:48:03.322132,1065.4,105917.0,138374.0
2025-06-18 11:48:08.200141,1065.4,106480.0,138462.0
2025-06-18 11:48:09.359303,1065.0,106480.0,138462.0
2025-06-18 11:48:13.400236,1065.0,106483.0,138478.0
2025-06-18 11:48:17.324871,1065.0,106483.0,138478.0
2025-06-18 11:48:18.605677,1065.0,106486.0,138638.0
2025-06-18 11:48:19.328080,1065.0,106486.0,138638.0
2025-06-18 11:48:21.324006,1065.4,106486.0,138638.0
2025-06-18 11:48:23.607030,1065.4,106712.0,138107.0
2025-06-18 11:48:28.821535,1065.4,106206.0,138073.0
2025-06-18 11:48:33.330305,1065.4,106206.0,138073.0
2025-06-18 11:48:34.014567,1065.4,105915.0,138439.0
2025-06-18 11:48:37.324100,1065.1,105915.0,138439.0
2025-06-18 11:48:39.215950,1065.1,105796.0,138642.0
2025-06-18 11:48:43.921556,1065.1,105396.0,138872.0
2025-06-18 11:48:45.339581,1065.4,105396.0,138872.0
2025-06-18 11:48:48.722475,1065.4,105385.0,138842.0
2025-06-18 11:48:49.331853,1065.4,105385.0,138842.0
2025-06-18 11:48:51.327477,1065.4,105385.0,138842.0
2025-06-18 11:48:53.231924,1065.4,105385.0,138842.0
2025-06-18 11:48:53.726130,1065.4,106285.0,138876.0
2025-06-18 11:48:54.307900,1065.4,106285.0,138876.0
2025-06-18 11:48:55.230513,1065.4,106285.0,138876.0
2025-06-18 11:48:56.200064,1065.4,106285.0,138876.0
2025-06-18 11:48:57.111502,1065.4,106285.0,138876.0
2025-06-18 11:48:58.630516,1065.4,106205.0,138977.0
2025-06-18 11:48:59.025284,1065.4,106205.0,138977.0
2025-06-18 11:48:59.597431,1065.4,106205.0,138977.0
2025-06-18 11:49:00.520420,1065.4,106205.0,138977.0
2025-06-18 11:49:01.331674,1065.4,106205.0,138977.0
2025-06-18 11:49:01.872923,1065.4,106205.0,138977.0
2025-06-18 11:49:03.027705,1065.4,106205.0,138977.0
2025-06-18 11:49:03.431135,1065.4,106376.0,138966.0
2025-06-18 11:49:03.894734,1065.4,106376.0,138966.0
2025-06-18 11:49:05.293772,1065.4,106376.0,138966.0
2025-06-18 11:49:06.441943,1065.4,106376.0,138966.0
2025-06-18 11:49:07.568590,1065.4,106376.0,138966.0
2025-06-18 11:49:08.732967,1065.4,106318.0,139004.0
2025-06-18 11:49:09.048628,1065.4,106318.0,139004.0
2025-06-18 11:49:13.330348,1065.5,106318.0,139004.0
2025-06-18 11:49:13.539155,1065.5,106340.0,139029.0
2025-06-18 11:49:17.333398,1065.1,106340.0,139029.0
2025-06-18 11:49:18.440961,1065.1,106008.0,139364.0
2025-06-18 11:49:21.330842,1065.5,106008.0,139364.0
2025-06-18 11:49:23.448633,1065.5,106216.0,139366.0
2025-06-18 11:49:28.251035,1065.5,106279.0,139290.0
2025-06-18 11:49:29.332112,1065.1,106279.0,139290.0
2025-06-18 11:49:31.335880,1065.5,106279.0,139290.0
2025-06-18 11:49:33.333084,1065.5,106279.0,139290.0
2025-06-18 11:49:33.353403,1065.5,106316.0,139205.0
2025-06-18 11:49:37.335708,1065.5,106316.0,139205.0
2025-06-18 11:49:38.459513,1065.5,106291.0,139153.0
2025-06-18 11:49:43.662735,1065.5,106291.0,139159.0
2025-06-18 11:49:48.466138,1065.5,106053.0,139390.0
2025-06-18 11:49:51.335936,1065.5,106053.0,139390.0
2025-06-18 11:49:53.269248,1065.5,106203.0,139320.0
2025-06-18 11:49:57.772200,1065.5,106204.0,139298.0
2025-06-18 11:50:02.214850,1065.5,106202.0,139360.0
2025-06-18 11:50:07.340299,1065.5,106220.0,139431.0
2025-06-18 11:50:09.329998,1065.5,106220.0,139431.0
2025-06-18 11:50:12.282209,1065.5,106290.0,139532.0
2025-06-18 11:50:15.327688,1065.5,106290.0,139532.0
2025-06-18 11:50:17.815395,1065.5,106266.0,139389.0
2025-06-18 11:50:19.347658,1064.9,106266.0,139389.0
2025-06-18 11:50:21.338721,1065.0,106266.0,139389.0
2025-06-18 11:50:22.189588,1065.0,105089.0,138554.0
2025-06-18 11:50:23.332825,1064.9,105089.0,138554.0
2025-06-18 11:50:25.336569,1064.9,105089.0,138554.0
2025-06-18 11:50:27.286620,1064.9,104788.0,138458.0
2025-06-18 11:50:32.085349,1064.9,104680.0,138352.0
2025-06-18 11:50:35.352080,1065.3,104680.0,138352.0
2025-06-18 11:50:37.189469,1065.3,104933.0,138335.0
2025-06-18 11:50:41.331747,1065.0,104933.0,138335.0
2025-06-18 11:50:42.491040,1065.0,104725.0,138440.0
2025-06-18 11:50:43.346439,1065.0,104725.0,138440.0
2025-06-18 11:50:47.777815,1065.0,105349.0,138373.0
2025-06-18 11:50:51.355011,1065.3,105349.0,138373.0
2025-06-18 11:50:52.201518,1065.3,105430.0,138322.0
2025-06-18 11:50:56.815467,1065.3,105687.0,138288.0
2025-06-18 11:51:01.101735,1065.3,105701.0,138443.0
2025-06-18 11:51:01.336242,1065.3,105701.0,138443.0
2025-06-18 11:51:05.502468,1065.3,105977.0,138393.0
2025-06-18 11:51:07.351026,1065.3,105977.0,138393.0
2025-06-18 11:51:09.341612,1065.3,105977.0,138393.0
2025-06-18 11:51:10.604660,1065.3,105994.0,138365.0
2025-06-18 11:51:11.338167,1065.3,105994.0,138365.0
2025-06-18 11:51:15.347804,1065.0,105994.0,138365.0
2025-06-18 11:51:16.107811,1065.0,105801.0,138228.0
2025-06-18 11:51:21.371136,1065.3,105801.0,138228.0
2025-06-18 11:51:21.510131,1065.3,105790.0,138392.0
2025-06-18 11:51:26.414319,1065.3,105645.0,138398.0
2025-06-18 11:51:31.214438,1065.3,105949.0,138367.0
2025-06-18 11:51:31.369343,1065.3,105949.0,138367.0
2025-06-18 11:51:33.337689,1065.0,105949.0,138367.0
2025-06-18 11:51:36.322545,1065.0,105792.0,138365.0
2025-06-18 11:51:40.378434,1065.0,105792.0,138365.0
2025-06-18 11:51:41.418961,1065.0,105831.0,138410.0
2025-06-18 11:51:45.362021,1065.0,105831.0,138410.0
2025-06-18 11:51:46.125893,1065.0,105693.0,138474.0
2025-06-18 11:51:50.348202,1065.3,105693.0,138474.0
2025-06-18 11:51:50.945014,1065.3,105873.0,138525.0
2025-06-18 11:51:53.361500,1065.3,105873.0,138525.0
2025-06-18 11:51:53.670560,1065.3,105873.0,138525.0
2025-06-18 11:51:54.752406,1065.3,105873.0,138525.0
2025-06-18 11:51:55.679789,1065.3,105873.0,138525.0
2025-06-18 11:51:55.734086,1065.3,105790.0,138561.0
2025-06-18 11:51:56.655147,1065.3,105790.0,138561.0
2025-06-18 11:51:57.340204,1065.3,105790.0,138561.0
2025-06-18 11:51:57.671195,1065.3,105790.0,138561.0
2025-06-18 11:51:58.498893,1065.3,105790.0,138561.0
2025-06-18 11:51:59.594165,1065.3,105790.0,138561.0
2025-06-18 11:52:00.171909,1065.3,105790.0,138561.0
2025-06-18 11:52:00.637037,1065.3,105931.0,138487.0
2025-06-18 11:52:01.088186,1065.3,105931.0,138487.0
2025-06-18 11:52:01.338399,1065.0,105931.0,138487.0
2025-06-18 11:52:01.463880,1065.0,105931.0,138487.0
2025-06-18 11:52:02.353060,1065.0,105931.0,138487.0
2025-06-18 11:52:03.338984,1065.5,105931.0,138487.0
2025-06-18 11:52:03.637979,1065.5,105931.0,138487.0
2025-06-18 11:52:04.484826,1065.5,105931.0,138487.0
2025-06-18 11:52:05.144943,1065.5,104640.0,138358.0
2025-06-18 11:52:05.877421,1065.5,104640.0,138358.0
2025-06-18 11:52:07.043515,1065.5,104640.0,138358.0
2025-06-18 11:52:07.341244,1065.4,104640.0,138358.0
2025-06-18 11:52:08.174836,1065.4,104640.0,138358.0
2025-06-18 11:52:09.663079,1065.4,104640.0,138358.0
2025-06-18 11:52:09.946788,1065.4,104718.0,138459.0
2025-06-18 11:52:11.397720,1065.4,104718.0,138459.0
2025-06-18 11:52:14.655030,1064.9,104614.0,138581.0
2025-06-18 11:52:15.340021,1064.9,104614.0,138581.0
2025-06-18 11:52:17.355462,1064.9,104614.0,138581.0
2025-06-18 11:52:19.363114,1064.9,104605.0,138575.0
2025-06-18 11:52:21.376865,1065.4,104605.0,138575.0
2025-06-18 11:52:24.462565,1065.4,102188.0,136264.0
2025-06-18 11:52:25.341975,1065.4,102188.0,136264.0
2025-06-18 11:52:27.340548,1065.4,102188.0,136264.0
2025-06-18 11:52:29.370035,1065.4,102274.0,136264.0
2025-06-18 11:52:31.374218,1065.4,102274.0,136264.0
2025-06-18 11:52:33.963201,1065.4,102343.0,136254.0
2025-06-18 11:52:38.464814,1065.4,102432.0,136346.0
2025-06-18 11:52:43.171391,1065.4,102407.0,136292.0
2025-06-18 11:52:47.970112,1065.0,102446.0,136762.0
2025-06-18 11:52:49.347289,1065.0,102446.0,136762.0
2025-06-18 11:52:52.776763,1065.4,102491.0,136816.0
2025-06-18 11:52:53.350242,1065.4,102491.0,136816.0
2025-06-18 11:52:57.482250,1065.4,102489.0,136845.0
2025-06-18 11:52:59.357497,1065.4,102489.0,136845.0
2025-06-18 11:53:01.369429,1065.4,102489.0,136845.0
2025-06-18 11:53:02.183680,1065.4,102425.0,137505.0
2025-06-18 11:53:05.347482,1065.4,102425.0,137505.0
2025-06-18 11:53:07.586919,1065.4,102522.0,137567.0
2025-06-18 11:53:11.351755,1065.4,102522.0,137567.0
2025-06-18 11:53:12.394456,1065.4,102478.0,137413.0
2025-06-18 11:53:15.353624,1065.4,102478.0,137413.0
2025-06-18 11:53:17.889204,1064.9,102251.0,137432.0
2025-06-18 11:53:17.918692,1064.9,102251.0,137432.0
2025-06-18 11:53:21.392999,1065.3,102251.0,137432.0
2025-06-18 11:53:21.603966,1065.3,102373.0,137623.0
2025-06-18 11:53:26.398208,1065.3,102220.0,137619.0
2025-06-18 11:53:27.403654,1064.9,102220.0,137619.0
2025-06-18 11:53:29.376621,1065.3,102220.0,137619.0
2025-06-18 11:53:30.860915,1065.2,102194.0,137587.0
2025-06-18 11:53:31.442285,1065.2,102194.0,137587.0
2025-06-18 11:53:35.108865,1065.2,99888.0,137362.0
2025-06-18 11:53:36.366250,1065.2,99888.0,137362.0
2025-06-18 11:53:39.361667,1065.2,99888.0,137362.0
2025-06-18 11:53:39.836729,1065.2,99958.0,137660.0
2025-06-18 11:53:41.368044,1065.2,99958.0,137660.0
2025-06-18 11:53:42.368970,1065.0,99958.0,137660.0
2025-06-18 11:53:44.618401,1065.0,102267.0,137769.0
2025-06-18 11:53:46.400092,1064.9,102267.0,137769.0
2025-06-18 11:53:49.218599,1064.9,102332.0,137787.0
2025-06-18 11:53:51.366680,1065.2,102332.0,137787.0
2025-06-18 11:53:52.362664,1064.9,102332.0,137787.0
2025-06-18 11:53:53.350374,1064.9,102332.0,137787.0
2025-06-18 11:53:53.920275,1064.9,102225.0,137664.0
2025-06-18 11:53:58.626267,1064.9,102316.0,138193.0
2025-06-18 11:54:01.359104,1065.2,102316.0,138193.0
2025-06-18 11:54:02.359180,1064.6,102316.0,138193.0
2025-06-18 11:54:03.032577,1064.6,101581.0,138001.0
2025-06-18 11:54:05.386601,1065.2,101581.0,138001.0
2025-06-18 11:54:06.416222,1065.2,101581.0,138001.0
2025-06-18 11:54:07.731375,1065.2,102262.0,138011.0
2025-06-18 11:54:09.373118,1065.0,102262.0,138011.0
2025-06-18 11:54:11.364008,1065.0,102262.0,138011.0
2025-06-18 11:54:12.436743,1065.0,101764.0,138062.0
2025-06-18 11:54:16.937182,1065.2,101627.0,137946.0
2025-06-18 11:54:17.387710,1065.2,101627.0,137946.0
2025-06-18 11:54:21.357574,1065.2,101627.0,137946.0
2025-06-18 11:54:21.438929,1065.2,101773.0,138140.0
2025-06-18 11:54:26.039362,1065.2,102665.0,138023.0
2025-06-18 11:54:30.450636,1065.2,102073.0,138168.0
2025-06-18 11:54:31.349542,1065.2,102073.0,138168.0
2025-06-18 11:54:33.353638,1065.0,102073.0,138168.0
2025-06-18 11:54:35.150344,1065.0,101929.0,138134.0
2025-06-18 11:54:40.051036,1065.0,102167.0,138027.0
2025-06-18 11:54:45.455208,1065.0,102220.0,138334.0
2025-06-18 11:54:47.360106,1064.7,102220.0,138334.0
2025-06-18 11:54:50.364455,1064.5,102220.0,138334.0
2025-06-18 11:54:50.762354,1064.5,101299.0,140584.0
2025-06-18 11:54:53.371231,1064.7,101299.0,140584.0
2025-06-18 11:54:54.360593,1064.7,101299.0,140584.0
2025-06-18 11:54:55.403770,1064.7,101299.0,140584.0
2025-06-18 11:54:55.677207,1064.7,101388.0,140403.0
2025-06-18 11:54:56.390760,1064.7,101388.0,140403.0
2025-06-18 11:54:57.295198,1064.7,101388.0,140403.0
2025-06-18 11:54:58.200579,1064.7,101388.0,140403.0
2025-06-18 11:54:59.168520,1064.7,101388.0,140403.0
2025-06-18 11:55:00.266760,1064.7,101388.0,140403.0
2025-06-18 11:55:00.471062,1064.7,102024.0,140123.0
2025-06-18 11:55:00.848028,1064.7,102024.0,140123.0
2025-06-18 11:55:01.251198,1064.7,102024.0,140123.0
2025-06-18 11:55:01.350971,1065.0,102024.0,140123.0
2025-06-18 11:55:01.745336,1065.0,102024.0,140123.0
2025-06-18 11:55:02.144171,1065.0,102024.0,140123.0
2025-06-18 11:55:05.139011,1065.0,102024.0,140123.0
2025-06-18 11:55:05.258032,1065.0,102024.0,140123.0
2025-06-18 11:55:05.470020,1065.0,102202.0,139869.0
2025-06-18 11:55:06.553892,1065.0,102202.0,139869.0
2025-06-18 11:55:07.367987,1065.0,102202.0,139869.0
2025-06-18 11:55:07.677754,1065.0,102202.0,139869.0
2025-06-18 11:55:08.869506,1065.0,102202.0,139869.0
2025-06-18 11:55:10.392195,1065.0,102202.0,139869.0
2025-06-18 11:55:10.774837,1065.0,102259.0,139828.0
2025-06-18 11:55:11.358747,1064.6,102259.0,139828.0
2025-06-18 11:55:15.876883,1064.6,102178.0,140119.0
2025-06-18 11:55:20.784065,1064.6,102360.0,140094.0
2025-06-18 11:55:21.407216,1065.0,102360.0,140094.0
2025-06-18 11:55:23.489253,1065.0,102360.0,140094.0
2025-06-18 11:55:25.684016,1065.0,102448.0,139878.0
2025-06-18 11:55:29.359173,1064.5,102448.0,139878.0
2025-06-18 11:55:30.938348,1064.5,102076.0,140540.0
2025-06-18 11:55:35.987447,1064.5,102149.0,140538.0
2025-06-18 11:55:37.371300,1064.8,102149.0,140538.0
2025-06-18 11:55:39.367429,1064.3,102149.0,140538.0
2025-06-18 11:55:41.189520,1064.3,102275.0,140090.0
2025-06-18 11:55:41.366035,1064.3,102275.0,140090.0
2025-06-18 11:55:46.191646,1064.3,102127.0,140240.0
2025-06-18 11:55:50.997699,1064.8,102202.0,140270.0
2025-06-18 11:55:51.376133,1064.8,102202.0,140270.0
2025-06-18 11:55:55.904569,1064.8,101967.0,140152.0
2025-06-18 11:55:57.392246,1064.8,101967.0,140152.0
2025-06-18 11:55:59.359440,1064.3,101967.0,140152.0
2025-06-18 11:56:00.998885,1064.8,102222.0,140276.0
2025-06-18 11:56:01.364451,1064.8,102222.0,140276.0
2025-06-18 11:56:05.364731,1064.2,102222.0,140276.0
2025-06-18 11:56:05.803600,1064.2,102119.0,140183.0
2025-06-18 11:56:11.008662,1064.2,102153.0,140287.0
2025-06-18 11:56:15.361025,1064.7,102153.0,140287.0
2025-06-18 11:56:15.711437,1064.7,102203.0,140421.0
2025-06-18 11:56:20.213295,1064.7,102050.0,139803.0
2025-06-18 11:56:21.355729,1064.7,102050.0,139803.0
2025-06-18 11:56:24.919126,1064.7,102126.0,139747.0
2025-06-18 11:56:29.372658,1064.7,102126.0,139747.0
2025-06-18 11:56:29.519294,1064.7,103372.0,139480.0
2025-06-18 11:56:31.383742,1064.7,103372.0,139480.0
2025-06-18 11:56:34.348637,1064.7,103224.0,139709.0
2025-06-18 11:56:39.125839,1064.7,103444.0,139780.0
2025-06-18 11:56:44.371329,1064.7,103534.0,139834.0
2025-06-18 11:56:49.134700,1064.7,103612.0,139825.0
2025-06-18 11:56:51.367797,1064.7,103612.0,139825.0
2025-06-18 11:56:53.382902,1064.7,103612.0,139825.0
2025-06-18 11:56:53.844560,1064.7,103610.0,139684.0
2025-06-18 11:56:58.439149,1064.7,103817.0,139203.0
2025-06-18 11:57:01.360661,1064.7,103817.0,139203.0
2025-06-18 11:57:02.939926,1064.7,103651.0,139130.0
2025-06-18 11:57:07.347479,1064.7,103646.0,139226.0
2025-06-18 11:57:11.389016,1064.7,103646.0,139226.0
2025-06-18 11:57:11.949109,1064.7,103777.0,139122.0
2025-06-18 11:57:16.859510,1064.7,103632.0,139146.0
2025-06-18 11:57:21.406669,1064.7,103632.0,139146.0
2025-06-18 11:57:22.154118,1064.7,103816.0,139112.0
2025-06-18 11:57:27.255137,1064.7,103643.0,139225.0
2025-06-18 11:57:27.364443,1064.7,103643.0,139225.0
2025-06-18 11:57:31.367563,1064.7,103643.0,139225.0
2025-06-18 11:57:32.458719,1064.7,103618.0,139323.0
2025-06-18 11:57:35.363194,1064.7,103618.0,139323.0
2025-06-18 11:57:37.262773,1064.7,103782.0,139154.0
2025-06-18 11:57:42.061430,1064.7,103752.0,139444.0
2025-06-18 11:57:45.367809,1064.3,103752.0,139444.0
2025-06-18 11:57:46.900895,1064.3,103714.0,139256.0
2025-06-18 11:57:51.367703,1064.7,103714.0,139256.0
2025-06-18 11:57:51.470359,1064.7,103731.0,139318.0
2025-06-18 11:57:53.366709,1064.4,103731.0,139318.0
2025-06-18 11:57:54.987428,1064.4,103731.0,139318.0
2025-06-18 11:57:56.073334,1064.4,103731.0,139318.0
2025-06-18 11:57:56.274910,1064.4,103876.0,139325.0
2025-06-18 11:57:56.993371,1064.4,103876.0,139325.0
2025-06-18 11:57:57.969051,1064.4,103876.0,139325.0
2025-06-18 11:57:58.867308,1064.4,103876.0,139325.0
2025-06-18 11:57:59.368644,1064.0,103876.0,139325.0
2025-06-18 11:57:59.699036,1064.0,103876.0,139325.0
2025-06-18 11:58:01.074774,1064.0,103442.0,139412.0
2025-06-18 11:58:01.218990,1064.0,103442.0,139412.0
2025-06-18 11:58:02.209648,1064.0,103442.0,139412.0
2025-06-18 11:58:03.076690,1064.0,103442.0,139412.0
2025-06-18 11:58:05.246808,1064.0,103442.0,139412.0
2025-06-18 11:58:05.397197,1064.0,103442.0,139412.0
2025-06-18 11:58:05.881181,1064.0,103177.0,139555.0
2025-06-18 11:58:06.103474,1064.0,103177.0,139555.0
2025-06-18 11:58:07.529253,1064.0,103177.0,139555.0
2025-06-18 11:58:08.668984,1064.0,103177.0,139555.0
2025-06-18 11:58:09.371862,1064.3,103177.0,139555.0
2025-06-18 11:58:09.798542,1064.3,103177.0,139555.0
2025-06-18 11:58:11.188010,1064.0,103197.0,139537.0
2025-06-18 11:58:11.284955,1064.0,103197.0,139537.0
2025-06-18 11:58:11.386889,1064.0,103197.0,139537.0
2025-06-18 11:58:15.378394,1064.0,103197.0,139537.0
2025-06-18 11:58:16.084710,1064.0,103379.0,139271.0
2025-06-18 11:58:17.371763,1064.0,103379.0,139271.0
2025-06-18 11:58:20.686542,1064.0,103578.0,138862.0
2025-06-18 11:58:21.365876,1064.0,103578.0,138862.0
2025-06-18 11:58:23.366911,1063.7,103578.0,138862.0
2025-06-18 11:58:25.390272,1063.7,103420.0,138834.0
2025-06-18 11:58:29.896249,1063.7,103269.0,139107.0
2025-06-18 11:58:33.377088,1064.0,103269.0,139107.0
2025-06-18 11:58:34.498095,1064.0,103377.0,138782.0
2025-06-18 11:58:39.200550,1064.0,103337.0,138722.0
2025-06-18 11:58:39.371299,1064.0,103337.0,138722.0
2025-06-18 11:58:41.366041,1064.0,103337.0,138722.0
2025-06-18 11:58:43.801180,1064.0,103396.0,138650.0
2025-06-18 11:58:47.372552,1063.8,103396.0,138650.0
2025-06-18 11:58:48.507156,1063.8,103203.0,138648.0
2025-06-18 11:58:51.392100,1064.0,103203.0,138648.0
2025-06-18 11:58:53.212834,1064.0,103390.0,138652.0
2025-06-18 11:58:57.714039,1064.0,103392.0,138692.0
2025-06-18 11:59:00.409969,1064.1,103392.0,138692.0
2025-06-18 11:59:02.122727,1063.8,101960.0,139032.0
2025-06-18 11:59:03.380940,1063.8,101960.0,139032.0
2025-06-18 11:59:05.386154,1063.0,101960.0,139032.0
2025-06-18 11:59:06.521272,1063.6,99642.0,139995.0
2025-06-18 11:59:07.378572,1063.6,99642.0,139995.0
2025-06-18 11:59:09.425915,1063.3,99642.0,139995.0
2025-06-18 11:59:11.521752,1063.3,100580.0,139360.0
2025-06-18 11:59:16.226225,1063.3,100567.0,138424.0
2025-06-18 11:59:20.726958,1063.9,100666.0,138565.0
2025-06-18 11:59:21.375610,1063.9,100666.0,138565.0
2025-06-18 11:59:25.131317,1063.6,100561.0,138536.0
2025-06-18 11:59:25.389886,1063.7,100561.0,138536.0
2025-06-18 11:59:27.400336,1063.7,100561.0,138536.0
2025-06-18 11:59:29.846573,1063.7,101633.0,138026.0
2025-06-18 11:59:34.646650,1063.7,103051.0,138183.0
2025-06-18 11:59:39.374379,1063.9,103051.0,138183.0
2025-06-18 11:59:39.647797,1063.9,103575.0,137370.0
2025-06-18 11:59:41.371391,1063.9,103575.0,137370.0
2025-06-18 11:59:44.148668,1063.9,103552.0,137439.0
2025-06-18 11:59:49.389276,1063.9,103622.0,137508.0
2025-06-18 11:59:50.407183,1063.4,103622.0,137508.0
2025-06-18 11:59:53.383231,1063.9,103622.0,137508.0
2025-06-18 11:59:54.251893,1063.9,103588.0,137538.0
2025-06-18 11:59:58.757316,1063.9,103288.0,137573.0
2025-06-18 12:00:01.377603,1063.9,103288.0,137573.0
2025-06-18 12:00:03.168592,1063.9,103647.0,137456.0
2025-06-18 12:00:04.379706,1063.6,103647.0,137456.0
2025-06-18 12:00:07.966466,1063.6,103503.0,137465.0
2025-06-18 12:00:10.388081,1063.9,103503.0,137465.0
2025-06-18 12:00:12.511204,1063.9,103503.0,137465.0
2025-06-18 12:00:12.670138,1063.9,103489.0,137415.0
2025-06-18 12:00:17.572281,1063.9,103881.0,137254.0
2025-06-18 12:00:22.384102,1063.9,103881.0,137254.0
2025-06-18 12:00:22.472019,1063.9,104004.0,137362.0
2025-06-18 12:00:27.674878,1063.9,104010.0,137430.0
2025-06-18 12:00:30.384510,1063.6,104010.0,137430.0
2025-06-18 12:00:32.375911,1063.9,104010.0,137430.0
2025-06-18 12:00:32.578072,1063.9,103872.0,137370.0
2025-06-18 12:00:34.380754,1063.6,103872.0,137370.0
2025-06-18 12:00:37.286463,1063.6,103858.0,137415.0
2025-06-18 12:00:40.377240,1063.9,103858.0,137415.0
2025-06-18 12:00:41.784209,1063.9,103886.0,137375.0
2025-06-18 12:00:42.378775,1063.9,103886.0,137375.0
2025-06-18 12:00:46.484381,1063.9,103896.0,137250.0
2025-06-18 12:00:51.289031,1063.6,103874.0,137386.0
2025-06-18 12:00:52.384560,1063.6,103874.0,137386.0
2025-06-18 12:00:55.309305,1063.6,103874.0,137386.0
2025-06-18 12:00:55.992232,1063.6,103916.0,137415.0
2025-06-18 12:00:56.395553,1063.6,103916.0,137415.0
2025-06-18 12:00:57.314848,1063.6,103916.0,137415.0
2025-06-18 12:00:58.279406,1063.6,103916.0,137415.0
2025-06-18 12:00:59.184069,1063.6,103916.0,137415.0
2025-06-18 12:01:00.495179,1063.6,103922.0,137362.0
2025-06-18 12:01:01.104514,1063.6,103922.0,137362.0
2025-06-18 12:01:02.218063,1063.6,103922.0,137362.0
2025-06-18 12:01:03.902033,1063.6,103922.0,137362.0
2025-06-18 12:01:04.901214,1063.6,103933.0,137367.0
2025-06-18 12:01:05.193057,1063.6,103933.0,137367.0
2025-06-18 12:01:07.413908,1063.6,103933.0,137367.0
2025-06-18 12:01:08.531710,1063.6,103933.0,137367.0
2025-06-18 12:01:09.678937,1063.6,103933.0,137367.0
2025-06-18 12:01:09.811204,1064.0,103908.0,136299.0
2025-06-18 12:01:10.378249,1064.0,103908.0,136299.0
2025-06-18 12:01:11.120452,1064.0,103908.0,136299.0
2025-06-18 12:01:12.385474,1064.1,103908.0,136299.0
2025-06-18 12:01:14.512680,1064.1,104384.0,136475.0
2025-06-18 12:01:16.417366,1064.0,104384.0,136475.0
2025-06-18 12:01:19.220005,1064.0,104276.0,136568.0
2025-06-18 12:01:22.401770,1064.5,104276.0,136568.0
2025-06-18 12:01:23.820652,1064.5,104237.0,136619.0
2025-06-18 12:01:28.323217,1064.5,104261.0,136587.0
2025-06-18 12:01:32.380173,1064.4,104261.0,136587.0
2025-06-18 12:01:32.924910,1064.4,104133.0,136513.0
2025-06-18 12:01:34.388719,1064.0,104133.0,136513.0
2025-06-18 12:01:38.231945,1064.0,104305.0,136820.0
2025-06-18 12:01:42.401968,1064.4,104305.0,136820.0
2025-06-18 12:01:43.232702,1064.4,104245.0,136822.0
2025-06-18 12:01:48.134134,1064.5,104311.0,136573.0
2025-06-18 12:01:48.392079,1064.5,104311.0,136573.0
2025-06-18 12:01:52.395189,1064.4,104311.0,136573.0
2025-06-18 12:01:52.941337,1064.4,104282.0,136537.0
2025-06-18 12:01:54.393860,1064.4,104282.0,136537.0
2025-06-18 12:01:56.385951,1064.4,104282.0,136537.0
2025-06-18 12:01:57.441864,1064.4,104295.0,136605.0
2025-06-18 12:02:01.850923,1064.4,104276.0,136586.0
2025-06-18 12:02:06.357020,1064.4,104774.0,136371.0
2025-06-18 12:02:10.953727,1064.4,104784.0,136363.0
2025-06-18 12:02:12.390293,1064.4,104784.0,136363.0
2025-06-18 12:02:15.453534,1064.4,104651.0,136398.0
2025-06-18 12:02:19.960366,1064.4,105329.0,136337.0
2025-06-18 12:02:22.385677,1064.4,105329.0,136337.0
2025-06-18 12:02:24.660630,1064.4,105300.0,136373.0
2025-06-18 12:02:28.393475,1064.4,105300.0,136373.0
2025-06-18 12:02:29.165398,1064.4,105298.0,136349.0
2025-06-18 12:02:32.409711,1064.5,105298.0,136349.0
2025-06-18 12:02:33.667998,1064.5,105990.0,135019.0
2025-06-18 12:02:38.266462,1064.5,106041.0,134841.0
2025-06-18 12:02:40.392350,1064.2,106041.0,134841.0
2025-06-18 12:02:43.380525,1064.2,105842.0,134944.0
2025-06-18 12:02:44.413007,1064.2,105842.0,134944.0
2025-06-18 12:02:48.171732,1064.2,105799.0,134911.0
2025-06-18 12:02:52.403906,1064.5,105799.0,134911.0
2025-06-18 12:02:52.886489,1064.5,105772.0,134935.0
2025-06-18 12:02:56.408310,1064.5,105772.0,134935.0
2025-06-18 12:02:58.176805,1064.5,105795.0,134340.0
2025-06-18 12:03:02.420277,1064.7,105795.0,134340.0
2025-06-18 12:03:03.476116,1064.7,106042.0,134136.0
2025-06-18 12:03:08.784126,1064.7,106069.0,134031.0
2025-06-18 12:03:10.464084,1064.7,106069.0,134031.0
2025-06-18 12:03:12.418493,1064.8,106069.0,134031.0
2025-06-18 12:03:13.788673,1064.7,105935.0,134153.0
2025-06-18 12:03:14.407890,1064.7,105935.0,134153.0
2025-06-18 12:03:18.391253,1064.8,105935.0,134153.0
2025-06-18 12:03:18.791301,1064.8,106345.0,134068.0
2025-06-18 12:03:22.425197,1064.8,106345.0,134068.0
2025-06-18 12:03:23.590912,1064.8,108325.0,133845.0
2025-06-18 12:03:28.441458,1064.8,108545.0,133827.0
2025-06-18 12:03:32.416177,1065.0,108545.0,133827.0
2025-06-18 12:03:33.409817,1065.2,111728.0,132609.0
2025-06-18 12:03:34.398287,1065.2,111728.0,132609.0
2025-06-18 12:03:38.602935,1065.2,113138.0,132590.0
2025-06-18 12:03:42.416933,1065.6,113138.0,132590.0
2025-06-18 12:03:43.905614,1065.6,113079.0,132814.0
2025-06-18 12:03:48.911805,1065.6,113085.0,132736.0
2025-06-18 12:03:52.429451,1065.5,113085.0,132736.0
2025-06-18 12:03:53.720816,1065.5,113059.0,132728.0
2025-06-18 12:03:55.901624,1065.5,113059.0,132728.0
2025-06-18 12:03:56.418029,1065.5,113059.0,132728.0
2025-06-18 12:03:57.086050,1065.5,113059.0,132728.0
2025-06-18 12:03:58.216514,1065.0,113011.0,132706.0
2025-06-18 12:03:58.396555,1065.0,113011.0,132706.0
2025-06-18 12:03:58.992465,1065.0,113011.0,132706.0
2025-06-18 12:03:59.895774,1065.0,113011.0,132706.0
2025-06-18 12:04:00.393375,1065.0,113011.0,132706.0
2025-06-18 12:04:00.792040,1065.0,113011.0,132706.0
2025-06-18 12:04:01.960565,1065.0,113011.0,132706.0
2025-06-18 12:04:02.534700,1065.0,113011.0,132706.0
2025-06-18 12:04:02.620408,1065.0,112863.0,132619.0
2025-06-18 12:04:02.977574,1065.0,112863.0,132619.0
2025-06-18 12:04:03.486060,1065.0,112863.0,132619.0
2025-06-18 12:04:04.425249,1065.0,112863.0,132619.0
2025-06-18 12:04:04.762158,1065.0,112863.0,132619.0
2025-06-18 12:04:06.032211,1065.0,112863.0,132619.0
2025-06-18 12:04:06.441729,1065.5,112863.0,132619.0
2025-06-18 12:04:06.915337,1065.5,112863.0,132619.0
2025-06-18 12:04:07.225232,1065.5,112906.0,132658.0
2025-06-18 12:04:08.336883,1065.5,112906.0,132658.0
2025-06-18 12:04:09.481641,1065.5,112906.0,132658.0
2025-06-18 12:04:10.615479,1065.5,112906.0,132658.0
2025-06-18 12:04:11.729374,1065.5,112853.0,132664.0
