timestamp,ltp,bid_qty,ask_qty
2025-06-18 11:01:36.666763,1719.5,138900.0,169852.0
2025-06-18 11:01:39.039880,1720.0,139227.0,169239.0
2025-06-18 11:01:40.130424,1720.1,139227.0,169239.0
2025-06-18 11:01:43.957359,1720.1,139208.0,169054.0
2025-06-18 11:01:46.148292,1720.2,139208.0,169054.0
2025-06-18 11:01:47.186481,1720.2,139208.0,169054.0
2025-06-18 11:01:49.348555,1720.0,139650.0,167704.0
2025-06-18 11:01:50.136209,1720.0,139650.0,167704.0
2025-06-18 11:01:51.152198,1719.8,139650.0,167704.0
2025-06-18 11:01:53.143669,1720.0,139650.0,167704.0
2025-06-18 11:01:55.049924,1720.0,138764.0,168940.0
2025-06-18 11:01:55.150931,1720.2,138764.0,168940.0
2025-06-18 11:01:59.146165,1720.2,138764.0,168940.0
2025-06-18 11:02:00.362895,1720.3,138763.0,168385.0
2025-06-18 11:02:01.149346,1719.8,138763.0,168385.0
2025-06-18 11:02:03.149132,1719.8,138763.0,168385.0
2025-06-18 11:02:05.205945,1719.3,138763.0,168385.0
2025-06-18 11:02:05.471442,1719.3,138712.0,169238.0
2025-06-18 11:02:09.145928,1719.4,138712.0,169238.0
2025-06-18 11:02:10.765382,1720.0,138886.0,168878.0
2025-06-18 11:02:12.141644,1720.0,138886.0,168878.0
2025-06-18 11:02:13.150106,1720.0,138886.0,168878.0
2025-06-18 11:02:15.169125,1720.0,138886.0,168878.0
2025-06-18 11:02:16.270004,1720.0,138938.0,168665.0
2025-06-18 11:02:17.150223,1720.0,138938.0,168665.0
2025-06-18 11:02:19.141530,1719.3,138938.0,168665.0
2025-06-18 11:02:21.369873,1719.3,138506.0,168787.0
2025-06-18 11:02:24.164946,1720.0,138506.0,168787.0
2025-06-18 11:02:25.144873,1720.0,138506.0,168787.0
2025-06-18 11:02:26.575633,1720.0,138913.0,168502.0
2025-06-18 11:02:28.141870,1720.0,138913.0,168502.0
2025-06-18 11:02:31.576212,1721.5,142695.0,159876.0
2025-06-18 11:02:32.152710,1722.0,142695.0,159876.0
2025-06-18 11:02:33.151532,1722.0,142695.0,159876.0
2025-06-18 11:02:35.155801,1722.2,142695.0,159876.0
2025-06-18 11:02:37.080616,1722.2,145019.0,162574.0
2025-06-18 11:02:39.198609,1721.5,145019.0,162574.0
2025-06-18 11:02:41.146990,1722.7,145019.0,162574.0
2025-06-18 11:02:42.287390,1723.1,144944.0,160131.0
2025-06-18 11:02:44.150634,1722.4,144944.0,160131.0
2025-06-18 11:02:45.179679,1722.9,144944.0,160131.0
2025-06-18 11:02:47.159277,1722.6,144944.0,160131.0
2025-06-18 11:02:47.490263,1722.6,143616.0,162720.0
2025-06-18 11:02:49.155220,1722.6,143616.0,162720.0
2025-06-18 11:02:51.232646,1721.4,143616.0,162720.0
2025-06-18 11:02:52.891901,1722.2,142178.0,163230.0
2025-06-18 11:02:53.155381,1722.3,142178.0,163230.0
2025-06-18 11:02:55.152742,1723.1,142178.0,163230.0
2025-06-18 11:02:57.157118,1723.1,142178.0,163230.0
2025-06-18 11:02:58.096338,1723.1,143678.0,160406.0
2025-06-18 11:03:00.150307,1722.9,143678.0,160406.0
2025-06-18 11:03:01.149418,1722.5,143678.0,160406.0
2025-06-18 11:03:01.596888,1722.5,142514.0,161493.0
2025-06-18 11:03:02.137450,1722.5,142514.0,161493.0
2025-06-18 11:03:02.599043,1722.2,141776.0,162354.0
2025-06-18 11:03:03.141166,1722.2,141776.0,162354.0
2025-06-18 11:03:04.144530,1722.0,141776.0,162354.0
2025-06-18 11:03:04.501611,1722.1,141736.0,163231.0
2025-06-18 11:03:05.139004,1722.1,141736.0,163231.0
2025-06-18 11:03:05.499194,1722.1,142424.0,162419.0
2025-06-18 11:03:06.500513,1722.1,142228.0,162385.0
2025-06-18 11:03:07.141676,1722.6,142228.0,162385.0
2025-06-18 11:03:07.501606,1722.6,142204.0,162543.0
2025-06-18 11:03:08.142863,1722.5,142204.0,162543.0
2025-06-18 11:03:08.600506,1722.1,141883.0,163357.0
2025-06-18 11:03:09.143928,1722.1,141883.0,163357.0
2025-06-18 11:03:09.701414,1722.1,141877.0,163534.0
2025-06-18 11:03:10.140051,1722.0,141877.0,163534.0
2025-06-18 11:03:10.801806,1721.9,141302.0,164650.0
2025-06-18 11:03:11.144167,1721.9,141302.0,164650.0
2025-06-18 11:03:11.901462,1721.9,141375.0,164402.0
2025-06-18 11:03:13.100821,1721.9,141414.0,164214.0
2025-06-18 11:03:13.141362,1721.9,141414.0,164214.0
2025-06-18 11:03:14.145748,1721.9,141414.0,164214.0
2025-06-18 11:03:14.202146,1721.9,141333.0,164277.0
2025-06-18 11:03:15.140068,1722.0,141333.0,164277.0
2025-06-18 11:03:15.302578,1722.0,142679.0,160468.0
2025-06-18 11:03:16.145332,1722.0,142679.0,160468.0
2025-06-18 11:03:16.302742,1722.0,142614.0,161637.0
2025-06-18 11:03:17.142997,1722.8,142614.0,161637.0
2025-06-18 11:03:17.410772,1722.8,142796.0,161331.0
2025-06-18 11:03:18.503583,1722.8,142913.0,161611.0
2025-06-18 11:03:19.603094,1722.8,142573.0,162582.0
2025-06-18 11:03:20.704219,1722.6,142505.0,162708.0
2025-06-18 11:03:21.200857,1722.6,142505.0,162708.0
2025-06-18 11:03:21.607449,1722.6,142508.0,162677.0
2025-06-18 11:03:22.704418,1722.6,142500.0,162742.0
2025-06-18 11:03:23.146868,1722.3,142500.0,162742.0
2025-06-18 11:03:23.805675,1722.3,141765.0,164630.0
2025-06-18 11:03:24.146624,1722.3,141765.0,164630.0
2025-06-18 11:03:24.907978,1722.3,141931.0,164086.0
2025-06-18 11:03:25.143440,1722.3,141931.0,164086.0
2025-06-18 11:03:26.019697,1722.3,141931.0,164127.0
2025-06-18 11:03:27.107393,1722.3,141958.0,164130.0
2025-06-18 11:03:28.108515,1722.3,141937.0,164265.0
2025-06-18 11:03:28.145464,1722.3,141937.0,164265.0
2025-06-18 11:03:29.109598,1722.3,141937.0,164265.0
2025-06-18 11:03:30.141610,1722.1,141937.0,164265.0
2025-06-18 11:03:30.210873,1722.1,140163.0,165305.0
2025-06-18 11:03:31.312738,1722.1,140391.0,165197.0
2025-06-18 11:03:32.413274,1722.0,141240.0,164924.0
2025-06-18 11:03:33.142725,1722.0,141240.0,164924.0
2025-06-18 11:03:33.518333,1722.0,141487.0,164836.0
2025-06-18 11:03:34.153013,1722.6,141487.0,164836.0
2025-06-18 11:03:34.613611,1722.6,143160.0,161661.0
2025-06-18 11:03:35.147046,1722.6,143160.0,161661.0
2025-06-18 11:03:35.615165,1722.1,142458.0,162971.0
2025-06-18 11:03:36.168557,1722.1,142458.0,162971.0
2025-06-18 11:03:36.714566,1722.1,142455.0,162878.0
2025-06-18 11:03:37.715641,1722.6,142486.0,162752.0
2025-06-18 11:03:38.148217,1722.6,142486.0,162752.0
2025-06-18 11:03:38.816511,1722.1,142544.0,162649.0
2025-06-18 11:03:39.143298,1722.1,142544.0,162649.0
2025-06-18 11:03:39.917512,1722.1,142554.0,162701.0
2025-06-18 11:03:40.142493,1722.6,142554.0,162701.0
2025-06-18 11:03:41.018778,1722.6,143270.0,162312.0
2025-06-18 11:03:42.617671,1722.6,142996.0,161840.0
2025-06-18 11:03:43.151622,1722.6,142996.0,161840.0
2025-06-18 11:03:43.621488,1722.6,142790.0,162655.0
2025-06-18 11:03:44.720748,1722.6,142811.0,162646.0
2025-06-18 11:03:45.166063,1722.6,142811.0,162646.0
2025-06-18 11:03:45.821172,1722.6,142755.0,164888.0
2025-06-18 11:03:46.022620,1722.6,142755.0,164888.0
2025-06-18 11:03:46.921013,1722.1,141972.0,163883.0
2025-06-18 11:03:47.071536,1722.1,141972.0,163883.0
2025-06-18 11:03:47.171232,1722.1,141972.0,163883.0
2025-06-18 11:03:47.823120,1722.6,142636.0,164835.0
2025-06-18 11:03:47.990563,1722.6,142636.0,164835.0
2025-06-18 11:03:48.152070,1722.6,142636.0,164835.0
2025-06-18 11:03:48.889988,1722.6,142636.0,164835.0
2025-06-18 11:03:48.926191,1722.1,142810.0,164798.0
2025-06-18 11:03:49.159097,1722.1,142810.0,164798.0
2025-06-18 11:03:49.744810,1722.1,142810.0,164798.0
2025-06-18 11:03:50.022642,1722.1,142807.0,164916.0
2025-06-18 11:03:50.551702,1722.1,142807.0,164916.0
2025-06-18 11:03:51.025251,1722.6,142779.0,164949.0
2025-06-18 11:03:51.164511,1722.6,142779.0,164949.0
2025-06-18 11:03:51.587526,1722.6,142779.0,164949.0
2025-06-18 11:03:52.130149,1722.6,142766.0,165023.0
2025-06-18 11:03:52.189763,1722.6,142766.0,165023.0
2025-06-18 11:03:52.197498,1722.6,142766.0,165023.0
2025-06-18 11:03:53.068025,1722.6,142766.0,165023.0
2025-06-18 11:03:53.136317,1722.6,142766.0,164985.0
2025-06-18 11:03:53.157892,1722.6,142766.0,164985.0
2025-06-18 11:03:53.437945,1722.6,142766.0,164985.0
2025-06-18 11:03:54.134085,1722.6,142758.0,165082.0
2025-06-18 11:03:54.158331,1722.6,142758.0,165082.0
2025-06-18 11:03:54.449243,1722.6,142758.0,165082.0
2025-06-18 11:03:55.135900,1722.6,142756.0,165051.0
2025-06-18 11:03:55.158161,1722.6,142756.0,165051.0
2025-06-18 11:03:55.720124,1722.6,142756.0,165051.0
2025-06-18 11:03:56.134549,1722.6,142684.0,165059.0
2025-06-18 11:03:56.581244,1722.6,142684.0,165059.0
2025-06-18 11:04:00.404978,1722.6,142652.0,165186.0
2025-06-18 11:04:00.460542,1722.6,142657.0,165115.0
2025-06-18 11:04:00.461357,1722.6,142657.0,165115.0
2025-06-18 11:04:00.466804,1722.6,142657.0,165115.0
2025-06-18 11:04:00.511356,1722.1,142657.0,165115.0
2025-06-18 11:04:00.513712,1722.1,142612.0,164858.0
2025-06-18 11:04:00.514600,1722.1,142612.0,164858.0
2025-06-18 11:04:00.548100,1722.6,142612.0,164858.0
2025-06-18 11:04:00.550135,1722.6,142608.0,164853.0
2025-06-18 11:04:00.551087,1722.6,142608.0,164853.0
2025-06-18 11:04:01.186300,1722.6,142608.0,164853.0
2025-06-18 11:04:01.530231,1722.6,142583.0,164833.0
2025-06-18 11:04:01.918020,1722.6,142583.0,164833.0
2025-06-18 11:04:02.154619,1722.6,142583.0,164833.0
2025-06-18 11:04:02.530416,1722.6,142583.0,164849.0
2025-06-18 11:04:03.194762,1722.6,142583.0,164849.0
2025-06-18 11:04:03.534040,1721.9,142557.0,164816.0
2025-06-18 11:04:04.156333,1722.6,142557.0,164816.0
2025-06-18 11:04:04.531429,1722.6,142658.0,165108.0
2025-06-18 11:04:05.154392,1722.6,142658.0,165108.0
2025-06-18 11:04:05.532167,1722.1,142658.0,165098.0
2025-06-18 11:04:06.154065,1722.7,142658.0,165098.0
2025-06-18 11:04:06.531383,1722.7,142664.0,164934.0
2025-06-18 11:04:07.152939,1723.0,142664.0,164934.0
2025-06-18 11:04:07.535002,1722.7,143254.0,164144.0
2025-06-18 11:04:08.154326,1722.7,143254.0,164144.0
2025-06-18 11:04:08.638817,1722.7,143188.0,164822.0
2025-06-18 11:04:09.737331,1722.7,143188.0,164835.0
2025-06-18 11:04:10.154406,1722.8,143188.0,164835.0
2025-06-18 11:04:10.736723,1722.8,143492.0,164634.0
2025-06-18 11:04:11.152315,1722.4,143492.0,164634.0
2025-06-18 11:04:11.838861,1722.4,143430.0,164669.0
2025-06-18 11:04:12.157905,1722.4,143430.0,164669.0
2025-06-18 11:04:12.939373,1722.9,143476.0,164522.0
2025-06-18 11:04:13.150927,1722.9,143476.0,164522.0
2025-06-18 11:04:14.041137,1722.9,143490.0,164494.0
2025-06-18 11:04:15.145886,1722.8,143018.0,164947.0
2025-06-18 11:04:15.150827,1722.8,143018.0,164947.0
2025-06-18 11:04:16.146344,1722.8,143186.0,165087.0
2025-06-18 11:04:17.146916,1722.7,143212.0,165210.0
2025-06-18 11:04:17.154087,1722.7,143212.0,165210.0
2025-06-18 11:04:18.043287,1722.7,143244.0,165055.0
2025-06-18 11:04:18.152265,1722.7,143244.0,165055.0
2025-06-18 11:04:19.043335,1722.7,143242.0,165042.0
2025-06-18 11:04:20.183790,1722.7,143350.0,165388.0
2025-06-18 11:04:21.160345,1722.8,143350.0,165388.0
2025-06-18 11:04:21.254982,1722.8,143458.0,165159.0
2025-06-18 11:04:22.353751,1722.8,144119.0,165150.0
2025-06-18 11:04:23.151960,1722.8,144119.0,165150.0
2025-06-18 11:04:23.461785,1722.8,144151.0,165157.0
2025-06-18 11:04:24.157438,1722.8,144151.0,165157.0
2025-06-18 11:04:24.464908,1722.8,144132.0,164994.0
2025-06-18 11:04:25.156486,1722.9,144132.0,164994.0
2025-06-18 11:04:25.556663,1722.9,144810.0,165252.0
2025-06-18 11:04:26.659557,1722.9,144808.0,165084.0
2025-06-18 11:04:27.154232,1722.9,144808.0,165084.0
2025-06-18 11:04:27.760239,1722.9,144796.0,165276.0
2025-06-18 11:04:28.150983,1722.9,144796.0,165276.0
2025-06-18 11:04:28.664289,1722.9,144785.0,165274.0
2025-06-18 11:04:29.153168,1722.9,144785.0,165274.0
2025-06-18 11:04:29.661522,1722.9,144795.0,165249.0
2025-06-18 11:04:30.151079,1722.2,144795.0,165249.0
2025-06-18 11:04:30.760561,1722.2,144563.0,165303.0
2025-06-18 11:04:31.762800,1722.5,144462.0,165100.0
2025-06-18 11:04:32.152370,1722.5,144462.0,165100.0
2025-06-18 11:04:32.864646,1722.9,144399.0,165134.0
2025-06-18 11:04:33.154130,1722.9,144399.0,165134.0
2025-06-18 11:04:33.864561,1723.2,144180.0,165253.0
2025-06-18 11:04:34.158555,1723.2,144180.0,165253.0
2025-06-18 11:04:35.023384,1723.0,144324.0,164932.0
2025-06-18 11:04:35.160554,1723.0,144324.0,164932.0
2025-06-18 11:04:36.066700,1723.0,144311.0,165091.0
2025-06-18 11:04:37.156256,1723.0,144311.0,165091.0
2025-06-18 11:04:37.178410,1723.0,145095.0,165134.0
2025-06-18 11:04:38.150120,1723.0,145095.0,165134.0
2025-06-18 11:04:38.167518,1723.0,145036.0,164812.0
2025-06-18 11:04:39.155007,1723.0,145036.0,164812.0
2025-06-18 11:04:39.265411,1723.0,144714.0,164831.0
2025-06-18 11:04:40.150678,1723.2,144714.0,164831.0
2025-06-18 11:04:40.266641,1723.2,145023.0,164575.0
2025-06-18 11:04:41.365898,1723.2,144987.0,164517.0
2025-06-18 11:04:42.156250,1723.2,144987.0,164517.0
2025-06-18 11:04:42.478265,1723.2,144714.0,164977.0
2025-06-18 11:04:43.158950,1723.2,144714.0,164977.0
2025-06-18 11:04:43.566998,1723.2,144664.0,165301.0
2025-06-18 11:04:44.755632,1723.1,144802.0,165013.0
2025-06-18 11:04:45.156272,1723.1,144802.0,165013.0
2025-06-18 11:04:45.767495,1723.2,144800.0,165034.0
2025-06-18 11:04:46.154797,1723.2,144800.0,165034.0
2025-06-18 11:04:46.769144,1723.2,144827.0,165044.0
2025-06-18 11:04:47.780096,1723.1,144881.0,165345.0
2025-06-18 11:04:48.158705,1723.1,144881.0,165345.0
2025-06-18 11:04:48.768210,1723.1,144807.0,165376.0
2025-06-18 11:04:49.769948,1723.1,144782.0,165336.0
2025-06-18 11:04:50.157475,1722.2,144782.0,165336.0
2025-06-18 11:04:50.870384,1723.1,144880.0,165056.0
2025-06-18 11:04:51.153679,1723.1,144880.0,165056.0
2025-06-18 11:04:51.871381,1723.1,144807.0,165081.0
2025-06-18 11:04:52.986213,1723.1,144807.0,165122.0
2025-06-18 11:04:53.148084,1723.1,144807.0,165122.0
2025-06-18 11:04:54.159483,1723.1,144807.0,165122.0
2025-06-18 11:04:54.373254,1723.1,144850.0,165007.0
2025-06-18 11:04:55.152896,1722.8,144850.0,165007.0
2025-06-18 11:04:55.374070,1722.8,144608.0,166089.0
2025-06-18 11:04:56.575200,1722.8,144663.0,166106.0
2025-06-18 11:04:57.578672,1722.8,144850.0,165545.0
2025-06-18 11:04:58.158758,1722.8,144850.0,165545.0
2025-06-18 11:04:58.675669,1722.8,144714.0,166300.0
2025-06-18 11:04:59.775117,1722.8,144740.0,166303.0
2025-06-18 11:05:00.155608,1722.8,144740.0,166303.0
2025-06-18 11:05:05.171114,1722.8,144740.0,166303.0
2025-06-18 11:05:05.208159,1723.0,144740.0,166303.0
2025-06-18 11:05:05.208251,1723.0,144552.0,165984.0
2025-06-18 11:05:07.393577,1722.3,144552.0,165984.0
2025-06-18 11:05:09.208491,1723.0,144552.0,165984.0
2025-06-18 11:05:10.180055,1722.3,142971.0,167127.0
2025-06-18 11:05:11.165440,1722.8,142971.0,167127.0
2025-06-18 11:05:13.165942,1722.8,142971.0,167127.0
2025-06-18 11:05:15.167552,1722.5,142971.0,167127.0
2025-06-18 11:05:15.683700,1722.5,143975.0,167075.0
2025-06-18 11:05:17.180457,1722.1,143975.0,167075.0
2025-06-18 11:05:19.205212,1722.6,143975.0,167075.0
2025-06-18 11:05:21.086913,1722.6,144050.0,167116.0
2025-06-18 11:05:23.206097,1722.6,144050.0,167116.0
2025-06-18 11:05:25.157700,1722.7,144050.0,167116.0
2025-06-18 11:05:25.894611,1722.7,143906.0,167200.0
2025-06-18 11:05:29.175475,1722.7,143906.0,167200.0
2025-06-18 11:05:30.695931,1721.9,141174.0,168549.0
2025-06-18 11:05:32.173140,1721.9,141174.0,168549.0
2025-06-18 11:05:33.208130,1721.9,141174.0,168549.0
2025-06-18 11:05:35.212808,1721.6,141174.0,168549.0
2025-06-18 11:05:36.098613,1721.6,141517.0,170290.0
2025-06-18 11:05:37.176092,1721.6,141517.0,170290.0
2025-06-18 11:05:39.281364,1721.7,141517.0,170290.0
2025-06-18 11:05:41.168774,1721.9,141517.0,170290.0
2025-06-18 11:05:41.508391,1721.9,141752.0,168951.0
2025-06-18 11:05:43.176580,1721.9,141752.0,168951.0
2025-06-18 11:05:45.165322,1721.9,141752.0,168951.0
2025-06-18 11:05:46.410955,1722.1,141876.0,168871.0
2025-06-18 11:05:47.194316,1722.1,141876.0,168871.0
2025-06-18 11:05:49.183243,1721.6,141876.0,168871.0
2025-06-18 11:05:51.179273,1721.6,141876.0,168871.0
2025-06-18 11:05:51.418166,1721.6,140335.0,170274.0
2025-06-18 11:05:53.167216,1721.7,140335.0,170274.0
2025-06-18 11:05:55.171219,1722.0,140335.0,170274.0
2025-06-18 11:05:56.713248,1722.0,140620.0,169261.0
2025-06-18 11:05:57.195105,1722.0,140620.0,169261.0
2025-06-18 11:05:59.172130,1721.7,140620.0,169261.0
2025-06-18 11:06:01.171308,1721.7,140620.0,169261.0
2025-06-18 11:06:01.315136,1721.7,140501.0,169910.0
2025-06-18 11:06:03.166330,1721.5,140501.0,169910.0
2025-06-18 11:06:05.163651,1721.6,140501.0,169910.0
2025-06-18 11:06:06.120069,1721.5,140405.0,170629.0
2025-06-18 11:06:08.164547,1721.6,140405.0,170629.0
2025-06-18 11:06:09.174818,1721.8,140405.0,170629.0
2025-06-18 11:06:11.121667,1721.7,140601.0,169731.0
2025-06-18 11:06:12.168870,1721.5,140601.0,169731.0
2025-06-18 11:06:13.193045,1721.9,140601.0,169731.0
2025-06-18 11:06:15.193696,1721.5,140601.0,169731.0
2025-06-18 11:06:16.122435,1721.5,140520.0,169959.0
2025-06-18 11:06:19.167683,1721.5,140520.0,169959.0
2025-06-18 11:06:21.125658,1721.5,140489.0,170007.0
2025-06-18 11:06:23.175414,1721.9,140489.0,170007.0
2025-06-18 11:06:25.179800,1721.6,140489.0,170007.0
2025-06-18 11:06:26.131387,1721.9,140543.0,169952.0
2025-06-18 11:06:27.171738,1721.9,140543.0,169952.0
2025-06-18 11:06:29.177009,1721.6,140543.0,169952.0
2025-06-18 11:06:30.832747,1721.6,140594.0,169903.0
2025-06-18 11:06:33.176223,1721.9,140594.0,169903.0
2025-06-18 11:06:35.189942,1721.9,140594.0,169903.0
2025-06-18 11:06:35.542084,1721.9,140390.0,169908.0
2025-06-18 11:06:37.169078,1721.6,140390.0,169908.0
2025-06-18 11:06:39.174117,1721.7,140390.0,169908.0
2025-06-18 11:06:40.539031,1721.9,140535.0,169774.0
2025-06-18 11:06:41.168539,1721.1,140535.0,169774.0
2025-06-18 11:06:44.164320,1721.8,140535.0,169774.0
2025-06-18 11:06:45.165063,1721.8,140535.0,169774.0
2025-06-18 11:06:45.647835,1721.8,140384.0,170446.0
2025-06-18 11:06:46.756997,1721.8,140384.0,170446.0
2025-06-18 11:06:47.180365,1721.3,140384.0,170446.0
2025-06-18 11:06:47.611621,1721.3,140384.0,170446.0
2025-06-18 11:06:48.549972,1721.3,140384.0,170446.0
2025-06-18 11:06:49.761741,1721.3,140384.0,170446.0
2025-06-18 11:06:49.765266,1721.3,140384.0,170446.0
2025-06-18 11:06:50.280413,1721.3,140384.0,170446.0
2025-06-18 11:06:50.542142,1721.3,139911.0,170728.0
2025-06-18 11:06:51.051536,1721.3,139911.0,170728.0
2025-06-18 11:06:51.161917,1721.2,139911.0,170728.0
2025-06-18 11:06:52.036381,1721.2,139911.0,170728.0
2025-06-18 11:06:53.168958,1721.5,139911.0,170728.0
2025-06-18 11:06:53.514711,1721.5,139911.0,170728.0
2025-06-18 11:06:54.754621,1721.5,139911.0,170728.0
2025-06-18 11:06:55.174441,1721.6,139911.0,170728.0
2025-06-18 11:06:55.560381,1721.6,141120.0,170227.0
2025-06-18 11:06:56.239025,1721.6,141120.0,170227.0
2025-06-18 11:06:57.102825,1721.6,141120.0,170227.0
2025-06-18 11:06:58.515456,1721.6,141120.0,170227.0
2025-06-18 11:06:59.164611,1721.2,141120.0,170227.0
2025-06-18 11:06:59.666322,1721.2,141120.0,170227.0
2025-06-18 11:07:00.450616,1721.0,138060.0,172191.0
2025-06-18 11:07:00.821925,1721.0,138060.0,172191.0
2025-06-18 11:07:01.167214,1720.8,138060.0,172191.0
2025-06-18 11:07:02.283565,1720.8,138060.0,172191.0
2025-06-18 11:07:05.084920,1721.1,138060.0,172191.0
2025-06-18 11:07:05.169538,1720.8,136559.0,172114.0
2025-06-18 11:07:05.177763,1720.8,136559.0,172114.0
2025-06-18 11:07:10.486836,1720.7,136559.0,172114.0
2025-06-18 11:07:10.581839,1720.4,136326.0,172120.0
2025-06-18 11:07:11.167539,1720.6,136326.0,172120.0
2025-06-18 11:07:14.164919,1720.6,136326.0,172120.0
2025-06-18 11:07:16.263516,1720.8,136163.0,172102.0
2025-06-18 11:07:17.174934,1720.8,136163.0,172102.0
2025-06-18 11:07:20.165822,1720.5,136163.0,172102.0
2025-06-18 11:07:21.577743,1720.5,135822.0,172237.0
2025-06-18 11:07:23.170512,1720.0,135822.0,172237.0
2025-06-18 11:07:26.224130,1720.1,135822.0,172237.0
2025-06-18 11:07:26.464729,1720.1,136178.0,173098.0
2025-06-18 11:07:27.177213,1720.1,136178.0,173098.0
2025-06-18 11:07:29.182481,1719.5,136178.0,173098.0
2025-06-18 11:07:31.181414,1719.8,136178.0,173098.0
2025-06-18 11:07:31.364306,1719.8,135087.0,172951.0
2025-06-18 11:07:33.177728,1720.1,135087.0,172951.0
2025-06-18 11:07:35.166013,1720.1,135087.0,172951.0
2025-06-18 11:07:36.270236,1720.1,135529.0,172621.0
2025-06-18 11:07:37.176512,1720.2,135529.0,172621.0
2025-06-18 11:07:39.211043,1720.5,135529.0,172621.0
2025-06-18 11:07:41.372536,1720.2,136028.0,172213.0
2025-06-18 11:07:42.172112,1720.2,136028.0,172213.0
2025-06-18 11:07:43.176912,1720.7,136028.0,172213.0
2025-06-18 11:07:46.175389,1720.4,136028.0,172213.0
2025-06-18 11:07:46.775983,1719.7,134813.0,174081.0
2025-06-18 11:07:47.181854,1720.0,134813.0,174081.0
2025-06-18 11:07:50.173917,1719.6,134813.0,174081.0
2025-06-18 11:07:51.775446,1719.8,135065.0,172896.0
2025-06-18 11:07:53.173896,1719.8,135065.0,172896.0
2025-06-18 11:07:56.183450,1720.0,135065.0,172896.0
2025-06-18 11:07:56.776495,1720.0,135142.0,173058.0
2025-06-18 11:07:59.172649,1719.9,135142.0,173058.0
2025-06-18 11:08:00.475018,1719.9,135142.0,173058.0
2025-06-18 11:08:01.781191,1719.9,135607.0,172854.0
2025-06-18 11:08:03.174129,1720.0,135607.0,172854.0
2025-06-18 11:08:05.184993,1720.0,135607.0,172854.0
2025-06-18 11:08:07.181385,1720.0,135607.0,172854.0
2025-06-18 11:08:07.211429,1720.0,135381.0,172775.0
2025-06-18 11:08:09.241504,1720.1,135381.0,172775.0
2025-06-18 11:08:10.221652,1720.3,135381.0,172775.0
2025-06-18 11:08:12.691045,1720.4,135762.0,172210.0
2025-06-18 11:08:13.177689,1720.4,135762.0,172210.0
2025-06-18 11:08:14.219569,1720.2,135762.0,172210.0
2025-06-18 11:08:20.442527,1720.0,135762.0,172210.0
2025-06-18 11:08:20.492607,1720.0,135572.0,172783.0
2025-06-18 11:08:20.531044,1720.0,135572.0,172783.0
2025-06-18 11:08:21.181556,1720.0,135572.0,172783.0
2025-06-18 11:08:23.008920,1719.9,135432.0,173063.0
2025-06-18 11:08:23.183836,1719.9,135432.0,173063.0
2025-06-18 11:08:26.172646,1720.0,135432.0,173063.0
2025-06-18 11:08:28.806764,1719.6,135453.0,172527.0
2025-06-18 11:08:29.172243,1719.6,135453.0,172527.0
2025-06-18 11:08:30.182027,1719.7,135453.0,172527.0
2025-06-18 11:08:32.178008,1720.0,135453.0,172527.0
2025-06-18 11:08:34.178730,1720.0,135453.0,172527.0
2025-06-18 11:08:34.207215,1720.0,136654.0,171548.0
2025-06-18 11:08:36.179979,1720.3,136654.0,171548.0
2025-06-18 11:08:38.181317,1720.7,136654.0,171548.0
2025-06-18 11:08:39.519630,1721.1,138624.0,170679.0
2025-06-18 11:08:40.191841,1721.2,138624.0,170679.0
2025-06-18 11:08:42.191935,1720.5,138624.0,170679.0
2025-06-18 11:08:44.186741,1721.2,138624.0,170679.0
2025-06-18 11:08:44.710761,1721.5,138129.0,170101.0
2025-06-18 11:08:46.206470,1721.4,138129.0,170101.0
2025-06-18 11:08:48.176475,1721.2,138129.0,170101.0
2025-06-18 11:08:49.911632,1720.9,138691.0,170740.0
2025-06-18 11:08:50.178697,1720.9,138691.0,170740.0
2025-06-18 11:08:52.181094,1720.9,138691.0,170740.0
2025-06-18 11:08:54.182262,1721.6,138691.0,170740.0
2025-06-18 11:08:55.114800,1721.6,138810.0,169882.0
2025-06-18 11:08:58.177569,1721.0,138810.0,169882.0
2025-06-18 11:09:00.213541,1721.0,137893.0,170468.0
2025-06-18 11:09:01.166847,1721.0,137893.0,170468.0
2025-06-18 11:09:02.213881,1720.8,137893.0,170468.0
2025-06-18 11:09:04.190550,1720.8,137893.0,170468.0
2025-06-18 11:09:05.021664,1720.8,138185.0,170847.0
2025-06-18 11:09:06.179138,1720.8,138185.0,170847.0
2025-06-18 11:09:08.180293,1720.8,138185.0,170847.0
2025-06-18 11:09:10.182816,1721.4,138185.0,170847.0
2025-06-18 11:09:10.222976,1721.4,138510.0,170228.0
2025-06-18 11:09:14.306940,1721.4,138510.0,170228.0
2025-06-18 11:09:14.348969,1721.1,138510.0,170228.0
2025-06-18 11:09:16.125362,1721.1,138731.0,170201.0
2025-06-18 11:09:17.172831,1721.4,138731.0,170201.0
2025-06-18 11:09:18.875169,1721.4,138731.0,170201.0
2025-06-18 11:09:20.200311,1721.4,138731.0,170201.0
2025-06-18 11:09:21.627274,1721.4,139227.0,169612.0
2025-06-18 11:09:22.171279,1721.4,139227.0,169612.0
2025-06-18 11:09:24.179160,1721.3,139227.0,169612.0
2025-06-18 11:09:26.184801,1721.3,139227.0,169612.0
2025-06-18 11:09:26.934050,1721.3,139002.0,169726.0
2025-06-18 11:09:28.186530,1721.3,139002.0,169726.0
2025-06-18 11:09:30.190060,1721.2,139002.0,169726.0
2025-06-18 11:09:32.219934,1721.1,139002.0,169726.0
2025-06-18 11:09:32.231931,1721.6,139090.0,169611.0
2025-06-18 11:09:34.180161,1721.1,139090.0,169611.0
2025-06-18 11:09:36.178754,1721.1,139090.0,169611.0
2025-06-18 11:09:37.440787,1721.6,139092.0,169601.0
2025-06-18 11:09:38.224702,1721.1,139092.0,169601.0
2025-06-18 11:09:40.176428,1721.6,139092.0,169601.0
2025-06-18 11:09:42.186870,1721.2,139092.0,169601.0
2025-06-18 11:09:42.842149,1721.6,139900.0,169495.0
2025-06-18 11:09:44.210792,1721.6,139900.0,169495.0
2025-06-18 11:09:46.257287,1721.0,139900.0,169495.0
2025-06-18 11:09:47.190408,1721.0,139900.0,169495.0
2025-06-18 11:09:48.043825,1721.0,140196.0,169628.0
2025-06-18 11:09:48.191471,1721.0,140196.0,169628.0
2025-06-18 11:09:48.210063,1721.0,140196.0,169628.0
2025-06-18 11:09:49.099177,1721.0,140196.0,169628.0
2025-06-18 11:09:50.020768,1721.0,140196.0,169628.0
2025-06-18 11:09:50.175665,1720.8,140196.0,169628.0
2025-06-18 11:09:50.860728,1720.8,140196.0,169628.0
2025-06-18 11:09:51.635250,1720.8,140196.0,169628.0
2025-06-18 11:09:52.199185,1721.0,140196.0,169628.0
2025-06-18 11:09:52.634738,1721.0,140196.0,169628.0
2025-06-18 11:09:53.210186,1721.0,140196.0,169628.0
2025-06-18 11:09:53.546956,1721.0,140302.0,169760.0
2025-06-18 11:09:53.595603,1721.0,140302.0,169760.0
2025-06-18 11:09:54.088425,1721.0,140302.0,169760.0
2025-06-18 11:09:54.218970,1721.5,140302.0,169760.0
2025-06-18 11:09:54.460848,1721.5,140302.0,169760.0
2025-06-18 11:09:55.372805,1721.5,140302.0,169760.0
2025-06-18 11:09:56.179460,1721.6,140302.0,169760.0
2025-06-18 11:09:56.585197,1721.6,140302.0,169760.0
2025-06-18 11:09:57.561454,1721.6,140302.0,169760.0
2025-06-18 11:09:58.184191,1721.5,140302.0,169760.0
2025-06-18 11:09:58.746473,1721.5,140464.0,169522.0
2025-06-18 11:09:58.972159,1721.5,140464.0,169522.0
2025-06-18 11:10:00.117990,1721.5,140464.0,169522.0
2025-06-18 11:10:00.177833,1721.6,140464.0,169522.0
2025-06-18 11:10:01.245245,1721.6,140464.0,169522.0
2025-06-18 11:10:02.714448,1721.6,140464.0,169522.0
2025-06-18 11:10:03.215869,1721.1,140464.0,169522.0
2025-06-18 11:10:03.752931,1721.0,140265.0,169632.0
2025-06-18 11:10:04.176665,1721.0,140265.0,169632.0
2025-06-18 11:10:06.182219,1721.6,140265.0,169632.0
2025-06-18 11:10:09.502724,1721.0,140265.0,169632.0
2025-06-18 11:10:09.508103,1721.2,140215.0,169342.0
2025-06-18 11:10:11.188399,1721.4,140215.0,169342.0
2025-06-18 11:10:13.181202,1721.5,140215.0,169342.0
2025-06-18 11:10:14.188266,1721.4,140215.0,169342.0
2025-06-18 11:10:14.357094,1721.4,139981.0,169424.0
2025-06-18 11:10:16.180409,1721.2,139981.0,169424.0
2025-06-18 11:10:19.175447,1720.8,139981.0,169424.0
2025-06-18 11:10:19.557881,1720.8,139934.0,169987.0
2025-06-18 11:10:20.179148,1720.9,139934.0,169987.0
2025-06-18 11:10:23.177378,1720.9,139934.0,169987.0
2025-06-18 11:10:24.758988,1720.9,139794.0,169550.0
2025-06-18 11:10:25.181647,1720.9,139794.0,169550.0
2025-06-18 11:10:28.187816,1721.0,139794.0,169550.0
2025-06-18 11:10:30.361726,1721.0,139810.0,170007.0
2025-06-18 11:10:31.189447,1721.0,139810.0,170007.0
2025-06-18 11:10:34.188525,1721.6,139810.0,170007.0
2025-06-18 11:10:35.869678,1721.6,140763.0,169135.0
2025-06-18 11:10:37.178437,1721.6,140763.0,169135.0
2025-06-18 11:10:38.181661,1721.0,140763.0,169135.0
2025-06-18 11:10:40.179158,1721.1,140763.0,169135.0
2025-06-18 11:10:41.469578,1721.4,140382.0,170123.0
2025-06-18 11:10:42.186716,1721.4,140382.0,170123.0
2025-06-18 11:10:45.174104,1721.7,140382.0,170123.0
2025-06-18 11:10:46.675758,1721.4,140074.0,169755.0
2025-06-18 11:10:47.175215,1721.4,140074.0,169755.0
2025-06-18 11:10:48.212501,1721.0,140074.0,169755.0
2025-06-18 11:10:50.184975,1721.0,140074.0,169755.0
2025-06-18 11:10:51.788337,1721.0,139303.0,171251.0
2025-06-18 11:10:52.185167,1721.0,139303.0,171251.0
2025-06-18 11:10:54.191283,1721.4,139303.0,171251.0
2025-06-18 11:10:56.178603,1721.1,139303.0,171251.0
2025-06-18 11:10:56.983973,1721.1,139940.0,170777.0
2025-06-18 11:10:58.180780,1721.1,139940.0,170777.0
2025-06-18 11:11:01.168251,1720.9,139940.0,170777.0
2025-06-18 11:11:02.206949,1720.9,139940.0,170777.0
2025-06-18 11:11:02.286388,1721.3,139772.0,171632.0
2025-06-18 11:11:04.179239,1720.9,139772.0,171632.0
2025-06-18 11:11:06.184603,1720.9,139772.0,171632.0
2025-06-18 11:11:07.795130,1721.0,139854.0,171354.0
2025-06-18 11:11:08.189658,1721.0,139854.0,171354.0
2025-06-18 11:11:10.181793,1721.2,139854.0,171354.0
2025-06-18 11:11:13.110778,1721.2,139869.0,171949.0
2025-06-18 11:11:13.183733,1721.2,139869.0,171949.0
2025-06-18 11:11:14.198720,1720.9,139869.0,171949.0
2025-06-18 11:11:16.179263,1720.9,139869.0,171949.0
2025-06-18 11:11:18.199041,1720.9,139869.0,171949.0
2025-06-18 11:11:18.503181,1720.9,139953.0,171699.0
2025-06-18 11:11:20.189223,1720.4,139953.0,171699.0
2025-06-18 11:11:22.189044,1720.4,139953.0,171699.0
2025-06-18 11:11:23.601491,1720.4,137304.0,172697.0
2025-06-18 11:11:25.193159,1720.8,137304.0,172697.0
2025-06-18 11:11:26.189623,1720.6,137304.0,172697.0
2025-06-18 11:11:28.201938,1720.6,137304.0,172697.0
2025-06-18 11:11:28.702003,1720.6,137455.0,172837.0
2025-06-18 11:11:30.181802,1720.8,137455.0,172837.0
2025-06-18 11:11:32.191613,1720.8,137455.0,172837.0
2025-06-18 11:11:33.806839,1720.8,137497.0,172906.0
2025-06-18 11:11:34.183950,1720.8,137497.0,172906.0
2025-06-18 11:11:36.185535,1720.8,137497.0,172906.0
2025-06-18 11:11:38.193344,1720.8,137497.0,172906.0
2025-06-18 11:11:38.712742,1720.8,137779.0,172950.0
2025-06-18 11:11:40.182604,1721.0,137779.0,172950.0
2025-06-18 11:11:42.193609,1720.9,137779.0,172950.0
2025-06-18 11:11:43.812490,1720.9,138337.0,172865.0
2025-06-18 11:11:44.211108,1720.9,138337.0,172865.0
2025-06-18 11:11:46.182668,1720.9,138337.0,172865.0
2025-06-18 11:11:48.206511,1720.6,138337.0,172865.0
2025-06-18 11:11:48.816847,1720.6,138290.0,172973.0
2025-06-18 11:11:50.218553,1720.6,138290.0,172973.0
2025-06-18 11:11:52.222344,1720.7,138290.0,172973.0
2025-06-18 11:11:53.923160,1720.8,138687.0,173167.0
2025-06-18 11:11:54.208672,1720.8,138687.0,173167.0
2025-06-18 11:11:56.198734,1720.6,138687.0,173167.0
2025-06-18 11:11:58.440173,1720.8,138687.0,173167.0
2025-06-18 11:11:59.037821,1720.8,138529.0,173145.0
2025-06-18 11:12:00.187875,1720.8,138529.0,173145.0
2025-06-18 11:12:02.337187,1720.6,138529.0,173145.0
2025-06-18 11:12:03.728653,1720.6,138619.0,173134.0
2025-06-18 11:12:04.185979,1720.6,138619.0,173134.0
2025-06-18 11:12:06.185486,1720.6,138619.0,173134.0
2025-06-18 11:12:08.186422,1720.6,138619.0,173134.0
2025-06-18 11:12:08.544430,1720.7,138601.0,172965.0
2025-06-18 11:12:10.193325,1720.7,138601.0,172965.0
2025-06-18 11:12:12.201638,1720.6,138601.0,172965.0
2025-06-18 11:12:13.548523,1720.7,138560.0,173002.0
2025-06-18 11:12:14.187232,1720.7,138560.0,173002.0
2025-06-18 11:12:16.188017,1720.6,138560.0,173002.0
2025-06-18 11:12:18.215828,1720.3,138560.0,173002.0
2025-06-18 11:12:18.939272,1720.3,138117.0,173721.0
2025-06-18 11:12:20.182585,1720.3,138117.0,173721.0
2025-06-18 11:12:22.182793,1720.7,138117.0,173721.0
2025-06-18 11:12:23.942193,1720.7,138205.0,173665.0
2025-06-18 11:12:24.189688,1720.7,138205.0,173665.0
2025-06-18 11:12:26.187455,1720.3,138205.0,173665.0
2025-06-18 11:12:28.848502,1720.3,137744.0,173658.0
2025-06-18 11:12:29.179300,1720.3,137744.0,173658.0
2025-06-18 11:12:30.196466,1720.3,137744.0,173658.0
2025-06-18 11:12:32.210148,1720.2,137744.0,173658.0
2025-06-18 11:12:34.159845,1720.0,136860.0,174909.0
2025-06-18 11:12:34.187655,1720.0,136860.0,174909.0
2025-06-18 11:12:36.206526,1720.0,136860.0,174909.0
2025-06-18 11:12:38.193363,1720.4,136860.0,174909.0
2025-06-18 11:12:39.356146,1720.5,137378.0,174146.0
2025-06-18 11:12:40.189343,1720.6,137378.0,174146.0
2025-06-18 11:12:42.186980,1720.5,137378.0,174146.0
2025-06-18 11:12:44.201151,1720.5,137378.0,174146.0
2025-06-18 11:12:44.460927,1720.6,137390.0,174130.0
2025-06-18 11:12:46.185433,1720.5,137390.0,174130.0
2025-06-18 11:12:47.560015,1720.5,137390.0,174130.0
2025-06-18 11:12:48.187539,1720.0,137390.0,174130.0
2025-06-18 11:12:48.624425,1720.0,137390.0,174130.0
2025-06-18 11:12:49.463101,1720.0,137392.0,174492.0
2025-06-18 11:12:49.531279,1720.0,137392.0,174492.0
2025-06-18 11:12:50.190039,1720.0,137392.0,174492.0
2025-06-18 11:12:50.457405,1720.0,137392.0,174492.0
2025-06-18 11:12:51.313008,1720.0,137392.0,174492.0
2025-06-18 11:12:52.076687,1720.0,137392.0,174492.0
2025-06-18 11:12:52.189310,1720.2,137392.0,174492.0
2025-06-18 11:12:53.071097,1720.2,137392.0,174492.0
2025-06-18 11:12:54.038902,1720.2,137392.0,174492.0
2025-06-18 11:12:54.188203,1720.4,137392.0,174492.0
2025-06-18 11:12:54.522616,1720.4,137392.0,174492.0
2025-06-18 11:12:55.068772,1720.4,137189.0,174383.0
2025-06-18 11:12:55.762376,1720.4,137189.0,174383.0
2025-06-18 11:12:56.188270,1720.3,137189.0,174383.0
2025-06-18 11:12:57.006341,1720.3,137189.0,174383.0
2025-06-18 11:12:57.882010,1720.3,137189.0,174383.0
2025-06-18 11:12:58.192354,1720.0,137189.0,174383.0
2025-06-18 11:12:59.286051,1720.0,137189.0,174383.0
2025-06-18 11:13:00.196469,1720.0,137189.0,174383.0
2025-06-18 11:13:00.391163,1720.0,137189.0,174383.0
2025-06-18 11:13:00.573103,1720.0,136997.0,175235.0
2025-06-18 11:13:01.571560,1720.0,136997.0,175235.0
2025-06-18 11:13:02.187157,1720.0,136997.0,175235.0
2025-06-18 11:13:03.032213,1720.0,136997.0,175235.0
2025-06-18 11:13:04.190939,1719.9,136997.0,175235.0
2025-06-18 11:13:05.576910,1719.5,135466.0,176282.0
2025-06-18 11:13:06.189526,1719.5,135466.0,176282.0
2025-06-18 11:13:08.188162,1719.6,135466.0,176282.0
2025-06-18 11:13:10.187853,1719.8,135466.0,176282.0
2025-06-18 11:13:10.477475,1719.8,135517.0,176685.0
2025-06-18 11:13:12.191961,1719.7,135517.0,176685.0
2025-06-18 11:13:14.190129,1719.7,135517.0,176685.0
2025-06-18 11:13:15.279544,1719.7,133987.0,176874.0
2025-06-18 11:13:16.196211,1719.6,133987.0,176874.0
2025-06-18 11:13:18.196469,1719.6,133987.0,176874.0
2025-06-18 11:13:20.084405,1719.1,135773.0,176010.0
2025-06-18 11:13:20.190557,1719.1,135773.0,176010.0
2025-06-18 11:13:22.195115,1719.1,135773.0,176010.0
2025-06-18 11:13:24.192716,1719.8,135773.0,176010.0
2025-06-18 11:13:24.989022,1719.8,135957.0,174659.0
2025-06-18 11:13:26.192889,1719.9,135957.0,174659.0
2025-06-18 11:13:28.192303,1719.3,135957.0,174659.0
2025-06-18 11:13:29.989050,1719.9,135638.0,175511.0
2025-06-18 11:13:30.195077,1719.9,135638.0,175511.0
2025-06-18 11:13:32.189242,1719.7,135638.0,175511.0
2025-06-18 11:13:34.195814,1719.7,135638.0,175511.0
2025-06-18 11:13:34.792942,1719.7,135670.0,175459.0
2025-06-18 11:13:36.192835,1719.7,135670.0,175459.0
2025-06-18 11:13:38.189707,1719.7,135670.0,175459.0
2025-06-18 11:13:40.096490,1719.7,135673.0,175374.0
2025-06-18 11:13:40.196680,1719.7,135673.0,175374.0
2025-06-18 11:13:42.194388,1719.5,135673.0,175374.0
2025-06-18 11:13:44.197366,1719.5,135673.0,175374.0
2025-06-18 11:13:45.298700,1720.0,137293.0,173404.0
2025-06-18 11:13:46.196602,1719.9,137293.0,173404.0
2025-06-18 11:13:48.194177,1719.9,137293.0,173404.0
2025-06-18 11:13:50.099256,1719.9,136792.0,174300.0
2025-06-18 11:13:50.205469,1719.9,136792.0,174300.0
2025-06-18 11:13:52.195595,1720.0,136792.0,174300.0
2025-06-18 11:13:55.102066,1720.0,137780.0,173178.0
2025-06-18 11:13:55.188835,1720.4,137780.0,173178.0
2025-06-18 11:13:56.194064,1720.1,137780.0,173178.0
2025-06-18 11:13:58.192186,1720.1,137780.0,173178.0
2025-06-18 11:14:00.194219,1720.1,137780.0,173178.0
2025-06-18 11:14:00.507285,1720.1,137730.0,173418.0
2025-06-18 11:14:02.193010,1719.9,137730.0,173418.0
2025-06-18 11:14:04.197308,1719.9,137730.0,173418.0
2025-06-18 11:14:05.306106,1719.9,138117.0,173432.0
2025-06-18 11:14:06.195544,1719.9,138117.0,173432.0
2025-06-18 11:14:08.198855,1719.9,138117.0,173432.0
2025-06-18 11:14:10.196572,1720.0,138117.0,173432.0
2025-06-18 11:14:10.412343,1720.0,137861.0,174147.0
2025-06-18 11:14:13.224742,1720.0,137861.0,174147.0
2025-06-18 11:14:14.197559,1719.9,137861.0,174147.0
2025-06-18 11:14:15.412820,1719.9,138086.0,174211.0
2025-06-18 11:14:16.203541,1719.9,138086.0,174211.0
2025-06-18 11:14:18.196278,1719.9,138086.0,174211.0
2025-06-18 11:14:20.197839,1719.5,138086.0,174211.0
2025-06-18 11:14:20.316960,1719.5,137571.0,174434.0
2025-06-18 11:14:23.189777,1719.9,137571.0,174434.0
2025-06-18 11:14:25.191810,1720.0,137571.0,174434.0
2025-06-18 11:14:25.221573,1720.0,137821.0,173919.0
2025-06-18 11:14:27.200247,1719.9,137821.0,173919.0
2025-06-18 11:14:28.197192,1719.9,137821.0,173919.0
2025-06-18 11:14:30.197999,1719.5,137821.0,173919.0
2025-06-18 11:14:30.537076,1719.5,137145.0,175036.0
2025-06-18 11:14:32.208253,1719.7,137145.0,175036.0
2025-06-18 11:14:35.191147,1720.0,137145.0,175036.0
2025-06-18 11:14:35.829188,1719.7,137282.0,174741.0
2025-06-18 11:14:37.214229,1720.0,137282.0,174741.0
2025-06-18 11:14:38.203580,1719.7,137282.0,174741.0
2025-06-18 11:14:40.196844,1720.0,137282.0,174741.0
2025-06-18 11:14:40.832122,1720.1,137603.0,173803.0
2025-06-18 11:14:42.194790,1720.1,137603.0,173803.0
2025-06-18 11:14:44.196178,1720.1,137603.0,173803.0
2025-06-18 11:14:46.139960,1719.8,137954.0,173753.0
2025-06-18 11:14:47.194241,1720.0,137954.0,173753.0
2025-06-18 11:14:48.202934,1720.0,137954.0,173753.0
2025-06-18 11:14:50.204416,1720.0,137954.0,173753.0
2025-06-18 11:14:51.650862,1719.8,138086.0,173733.0
2025-06-18 11:14:52.218841,1719.8,138086.0,173733.0
2025-06-18 11:14:55.189884,1720.6,138086.0,173733.0
2025-06-18 11:14:56.199640,1720.0,138086.0,173733.0
2025-06-18 11:14:57.153036,1720.0,138470.0,173436.0
2025-06-18 11:14:58.215419,1719.8,138470.0,173436.0
2025-06-18 11:15:00.197044,1719.7,138470.0,173436.0
2025-06-18 11:15:02.201946,1719.5,138470.0,173436.0
2025-06-18 11:15:02.451218,1720.0,137847.0,174372.0
2025-06-18 11:15:04.198492,1719.5,137847.0,174372.0
2025-06-18 11:15:06.960609,1719.5,137847.0,174372.0
2025-06-18 11:15:07.753955,1719.5,137663.0,174849.0
2025-06-18 11:15:08.197592,1719.5,137663.0,174849.0
2025-06-18 11:15:10.514030,1720.0,137663.0,174849.0
2025-06-18 11:15:12.199952,1719.4,137663.0,174849.0
2025-06-18 11:15:12.959849,1720.0,137204.0,174756.0
2025-06-18 11:15:14.209731,1719.4,137204.0,174756.0
2025-06-18 11:15:16.206251,1719.4,137204.0,174756.0
2025-06-18 11:15:17.862747,1719.4,137364.0,174739.0
2025-06-18 11:15:18.201401,1719.4,137364.0,174739.0
2025-06-18 11:15:20.202556,1719.4,137364.0,174739.0
2025-06-18 11:15:22.199990,1720.0,137364.0,174739.0
2025-06-18 11:15:22.770817,1719.4,137342.0,174801.0
2025-06-18 11:15:24.204061,1719.5,137342.0,174801.0
2025-06-18 11:15:26.201243,1719.5,137342.0,174801.0
2025-06-18 11:15:28.075581,1719.5,137174.0,175042.0
2025-06-18 11:15:28.209383,1719.5,137174.0,175042.0
2025-06-18 11:15:31.196273,1719.4,137174.0,175042.0
2025-06-18 11:15:32.202245,1719.1,137174.0,175042.0
2025-06-18 11:15:33.680474,1719.1,134306.0,177423.0
2025-06-18 11:15:34.216915,1719.1,134306.0,177423.0
2025-06-18 11:15:36.199279,1719.1,134306.0,177423.0
2025-06-18 11:15:38.213463,1719.1,134306.0,177423.0
2025-06-18 11:15:39.091297,1718.6,134724.0,177360.0
2025-06-18 11:15:40.200664,1719.0,134724.0,177360.0
2025-06-18 11:15:42.203035,1718.5,134724.0,177360.0
2025-06-18 11:15:44.183853,1718.5,134492.0,177354.0
2025-06-18 11:15:44.206434,1718.5,134492.0,177354.0
2025-06-18 11:15:46.220167,1718.5,134492.0,177354.0
2025-06-18 11:15:48.066365,1718.5,134492.0,177354.0
2025-06-18 11:15:48.204977,1718.5,134492.0,177354.0
2025-06-18 11:15:49.091419,1718.5,134492.0,177354.0
2025-06-18 11:15:49.583904,1718.6,134715.0,177007.0
2025-06-18 11:15:49.997178,1718.6,134715.0,177007.0
2025-06-18 11:15:50.206958,1718.6,134715.0,177007.0
2025-06-18 11:15:50.934667,1718.6,134715.0,177007.0
2025-06-18 11:15:51.775225,1718.6,134715.0,177007.0
2025-06-18 11:15:52.202297,1719.1,134715.0,177007.0
2025-06-18 11:15:52.576173,1719.1,134715.0,177007.0
2025-06-18 11:15:53.584901,1719.1,134715.0,177007.0
2025-06-18 11:15:54.133632,1719.1,134715.0,177007.0
2025-06-18 11:15:54.202850,1719.3,134715.0,177007.0
2025-06-18 11:15:54.533205,1719.3,134715.0,177007.0
2025-06-18 11:15:54.988394,1719.3,134782.0,177033.0
2025-06-18 11:15:55.028259,1719.3,134782.0,177033.0
2025-06-18 11:15:56.204913,1719.3,134782.0,177033.0
2025-06-18 11:15:56.288934,1719.3,134782.0,177033.0
2025-06-18 11:15:57.552346,1719.3,134782.0,177033.0
2025-06-18 11:15:58.247239,1718.7,134782.0,177033.0
2025-06-18 11:15:58.407490,1718.7,134782.0,177033.0
2025-06-18 11:16:00.105827,1718.7,134782.0,177033.0
2025-06-18 11:16:00.199551,1718.7,134782.0,177033.0
2025-06-18 11:16:00.285337,1718.7,130564.0,177735.0
2025-06-18 11:16:01.247116,1718.7,130564.0,177735.0
2025-06-18 11:16:02.204924,1718.6,130564.0,177735.0
2025-06-18 11:16:02.397792,1718.6,130564.0,177735.0
2025-06-18 11:16:03.863796,1718.6,130564.0,177735.0
2025-06-18 11:16:04.200644,1718.6,130564.0,177735.0
2025-06-18 11:16:05.590701,1718.6,134279.0,177631.0
2025-06-18 11:16:06.204362,1718.6,134279.0,177631.0
2025-06-18 11:16:08.732096,1719.0,134279.0,177631.0
2025-06-18 11:16:10.475339,1719.0,134279.0,177631.0
2025-06-18 11:16:10.795243,1718.8,134452.0,177853.0
2025-06-18 11:16:13.199552,1719.1,134452.0,177853.0
2025-06-18 11:16:14.202507,1718.8,134452.0,177853.0
2025-06-18 11:16:16.298886,1719.0,133867.0,178134.0
2025-06-18 11:16:17.204397,1718.8,133867.0,178134.0
2025-06-18 11:16:18.209547,1718.8,133867.0,178134.0
2025-06-18 11:16:20.208416,1718.8,133867.0,178134.0
2025-06-18 11:16:21.500377,1718.8,133789.0,178229.0
2025-06-18 11:16:22.214760,1718.8,133789.0,178229.0
2025-06-18 11:16:24.209826,1719.0,133789.0,178229.0
2025-06-18 11:16:26.206033,1719.1,133789.0,178229.0
2025-06-18 11:16:26.505824,1719.1,134179.0,178043.0
2025-06-18 11:16:28.208626,1718.7,134179.0,178043.0
2025-06-18 11:16:30.232125,1718.7,134179.0,178043.0
2025-06-18 11:16:31.509911,1718.8,134189.0,178302.0
2025-06-18 11:16:32.208222,1718.7,134189.0,178302.0
2025-06-18 11:16:34.218992,1718.7,134189.0,178302.0
2025-06-18 11:16:36.371673,1718.7,134189.0,178302.0
2025-06-18 11:16:36.715244,1718.7,134200.0,178445.0
2025-06-18 11:16:38.240144,1718.7,134200.0,178445.0
2025-06-18 11:16:40.330868,1718.6,134200.0,178445.0
2025-06-18 11:16:42.015680,1718.6,134199.0,178824.0
2025-06-18 11:16:42.213190,1718.6,134199.0,178824.0
2025-06-18 11:16:44.207463,1718.6,134199.0,178824.0
2025-06-18 11:16:46.209246,1718.6,134199.0,178824.0
2025-06-18 11:16:47.120432,1718.6,134036.0,178921.0
2025-06-18 11:16:48.221860,1718.6,134036.0,178921.0
2025-06-18 11:16:50.211291,1718.7,134036.0,178921.0
2025-06-18 11:16:52.223756,1718.0,134036.0,178921.0
2025-06-18 11:16:52.225760,1718.7,133299.0,178678.0
2025-06-18 11:16:55.207760,1718.5,133299.0,178678.0
2025-06-18 11:16:57.205825,1718.3,133299.0,178678.0
2025-06-18 11:16:57.425025,1718.5,132977.0,179587.0
2025-06-18 11:16:58.213389,1718.3,132977.0,179587.0
2025-06-18 11:17:00.452917,1717.8,132977.0,179587.0
2025-06-18 11:17:02.214753,1717.9,132977.0,179587.0
2025-06-18 11:17:02.527766,1718.5,133064.0,180336.0
2025-06-18 11:17:04.215092,1717.9,133064.0,180336.0
2025-06-18 11:17:06.216237,1717.8,133064.0,180336.0
2025-06-18 11:17:07.530075,1718.5,132744.0,180491.0
2025-06-18 11:17:08.242748,1717.8,132744.0,180491.0
2025-06-18 11:17:10.216742,1717.9,132744.0,180491.0
2025-06-18 11:17:12.215458,1718.1,132744.0,180491.0
2025-06-18 11:17:12.635186,1718.5,132878.0,180482.0
2025-06-18 11:17:14.214604,1718.1,132878.0,180482.0
2025-06-18 11:17:16.210763,1717.9,132878.0,180482.0
2025-06-18 11:17:17.739072,1718.1,133201.0,180365.0
2025-06-18 11:17:18.249234,1718.1,133201.0,180365.0
2025-06-18 11:17:20.216415,1718.1,133201.0,180365.0
2025-06-18 11:17:22.214744,1718.2,133201.0,180365.0
2025-06-18 11:17:23.040770,1718.2,134249.0,178976.0
2025-06-18 11:17:24.215687,1718.5,134249.0,178976.0
2025-06-18 11:17:26.213750,1718.3,134249.0,178976.0
2025-06-18 11:17:28.145665,1718.3,133829.0,178803.0
2025-06-18 11:17:28.214901,1718.3,133829.0,178803.0
2025-06-18 11:17:30.214760,1718.3,133829.0,178803.0
2025-06-18 11:17:32.215628,1718.4,133829.0,178803.0
2025-06-18 11:17:33.244825,1718.5,133660.0,179526.0
2025-06-18 11:17:34.213208,1718.4,133660.0,179526.0
2025-06-18 11:17:36.216108,1718.4,133660.0,179526.0
2025-06-18 11:17:38.216136,1718.5,133660.0,179526.0
2025-06-18 11:17:38.250617,1718.5,134372.0,179407.0
2025-06-18 11:17:40.217640,1717.9,134372.0,179407.0
2025-06-18 11:17:42.215262,1717.9,134372.0,179407.0
2025-06-18 11:17:43.352044,1718.4,133556.0,179846.0
2025-06-18 11:17:44.213330,1717.9,133556.0,179846.0
2025-06-18 11:17:46.220201,1717.9,133556.0,179846.0
2025-06-18 11:17:48.216235,1717.9,133556.0,179846.0
2025-06-18 11:17:48.254801,1717.9,133661.0,180142.0
2025-06-18 11:17:50.219949,1717.9,133661.0,180142.0
2025-06-18 11:17:52.213555,1718.1,133661.0,180142.0
2025-06-18 11:17:52.868732,1718.1,133253.0,180069.0
2025-06-18 11:17:54.216592,1718.4,133253.0,180069.0
2025-06-18 11:17:56.212256,1718.5,133253.0,180069.0
2025-06-18 11:17:57.567226,1718.5,133436.0,180079.0
2025-06-18 11:17:58.211842,1718.4,133436.0,180079.0
2025-06-18 11:18:00.239334,1718.4,133436.0,180079.0
2025-06-18 11:18:02.073681,1718.3,133050.0,180417.0
2025-06-18 11:18:02.250244,1718.3,133050.0,180417.0
2025-06-18 11:18:04.219430,1718.3,133050.0,180417.0
2025-06-18 11:18:06.220219,1718.3,133050.0,180417.0
2025-06-18 11:18:06.878354,1718.3,133227.0,180718.0
2025-06-18 11:18:08.239551,1718.4,133227.0,180718.0
2025-06-18 11:18:10.493350,1718.4,133227.0,180718.0
2025-06-18 11:18:11.772446,1717.8,129043.0,180548.0
2025-06-18 11:18:13.243259,1717.7,129043.0,180548.0
2025-06-18 11:18:17.211790,1717.3,129043.0,180548.0
2025-06-18 11:18:17.675050,1717.9,127665.0,179485.0
2025-06-18 11:18:20.212989,1717.9,127665.0,179485.0
2025-06-18 11:18:21.267803,1717.9,127665.0,179485.0
2025-06-18 11:18:23.213923,1718.2,127665.0,179485.0
2025-06-18 11:18:23.380882,1718.2,133194.0,179597.0
2025-06-18 11:18:25.217347,1718.5,133194.0,179597.0
2025-06-18 11:18:27.215391,1717.7,133194.0,179597.0
2025-06-18 11:18:28.591488,1717.8,133091.0,180270.0
2025-06-18 11:18:29.234964,1717.8,133091.0,180270.0
2025-06-18 11:18:31.217574,1717.8,133091.0,180270.0
2025-06-18 11:18:33.241920,1718.5,133091.0,180270.0
2025-06-18 11:18:33.687114,1718.1,133976.0,179526.0
2025-06-18 11:18:35.221444,1718.5,133976.0,179526.0
2025-06-18 11:18:37.221604,1718.1,133976.0,179526.0
2025-06-18 11:18:38.789805,1717.3,133455.0,179580.0
2025-06-18 11:18:39.216643,1717.3,133455.0,179580.0
2025-06-18 11:18:41.215608,1717.9,133455.0,179580.0
2025-06-18 11:18:43.218160,1718.5,133455.0,179580.0
2025-06-18 11:18:43.693554,1718.5,134112.0,179053.0
2025-06-18 11:18:45.214319,1718.6,134112.0,179053.0
2025-06-18 11:18:47.236376,1718.4,134112.0,179053.0
2025-06-18 11:18:48.389800,1718.4,134211.0,178741.0
2025-06-18 11:18:48.471758,1718.4,134211.0,178741.0
2025-06-18 11:18:49.218036,1718.4,134211.0,178741.0
2025-06-18 11:18:49.548391,1718.4,134211.0,178741.0
2025-06-18 11:18:50.468330,1718.4,134211.0,178741.0
2025-06-18 11:18:51.213877,1718.5,134211.0,178741.0
2025-06-18 11:18:51.400980,1718.5,134211.0,178741.0
2025-06-18 11:18:52.266188,1718.5,134211.0,178741.0
2025-06-18 11:18:52.993348,1718.5,134096.0,178824.0
2025-06-18 11:18:53.034970,1718.5,134096.0,178824.0
2025-06-18 11:18:53.216900,1718.6,134096.0,178824.0
2025-06-18 11:18:54.064075,1718.6,134096.0,178824.0
2025-06-18 11:18:55.031069,1718.6,134096.0,178824.0
2025-06-18 11:18:55.216182,1718.6,134096.0,178824.0
2025-06-18 11:18:55.515068,1718.6,134096.0,178824.0
2025-06-18 11:18:56.784733,1718.6,134096.0,178824.0
2025-06-18 11:18:57.218918,1718.0,134096.0,178824.0
2025-06-18 11:18:57.794828,1718.0,134051.0,179488.0
2025-06-18 11:18:58.027183,1718.0,134051.0,179488.0
2025-06-18 11:18:59.217324,1718.0,134051.0,179488.0
2025-06-18 11:19:00.281492,1718.0,134051.0,179488.0
2025-06-18 11:19:01.221529,1718.0,134051.0,179488.0
2025-06-18 11:19:01.560674,1718.0,134051.0,179488.0
2025-06-18 11:19:01.897046,1718.2,135644.0,177180.0
2025-06-18 11:19:02.212720,1718.6,135644.0,177180.0
2025-06-18 11:19:02.709303,1718.6,135644.0,177180.0
2025-06-18 11:19:02.896075,1718.4,137424.0,176374.0
2025-06-18 11:19:03.212093,1718.4,137424.0,176374.0
2025-06-18 11:19:03.997057,1718.6,137203.0,176537.0
2025-06-18 11:19:04.183825,1718.6,137203.0,176537.0
2025-06-18 11:19:04.221024,1718.6,137203.0,176537.0
2025-06-18 11:19:04.898871,1718.6,137122.0,176583.0
2025-06-18 11:19:05.213756,1718.6,137122.0,176583.0
2025-06-18 11:19:05.902354,1718.6,137395.0,176662.0
2025-06-18 11:19:06.210232,1718.6,137395.0,176662.0
2025-06-18 11:19:06.899040,1718.6,137676.0,176800.0
2025-06-18 11:19:07.215214,1718.7,137676.0,176800.0
2025-06-18 11:19:07.898567,1718.7,137325.0,176823.0
2025-06-18 11:19:08.214065,1719.0,137325.0,176823.0
2025-06-18 11:19:08.999900,1718.8,137219.0,176929.0
2025-06-18 11:19:09.210030,1718.8,137219.0,176929.0
2025-06-18 11:19:10.107828,1718.5,136674.0,176955.0
2025-06-18 11:19:10.212146,1718.5,136674.0,176955.0
2025-06-18 11:19:10.998789,1718.7,136765.0,177015.0
2025-06-18 11:19:11.210132,1718.7,136765.0,177015.0
2025-06-18 11:19:12.106125,1718.7,136818.0,176982.0
2025-06-18 11:19:12.209473,1718.7,136818.0,176982.0
2025-06-18 11:19:13.204427,1719.0,136945.0,177045.0
2025-06-18 11:19:13.216728,1719.0,136945.0,177045.0
2025-06-18 11:19:14.210905,1718.7,136945.0,177045.0
2025-06-18 11:19:14.303777,1718.7,136964.0,177057.0
2025-06-18 11:19:15.210476,1719.0,136964.0,177057.0
2025-06-18 11:19:15.303466,1719.0,136836.0,177080.0
2025-06-18 11:19:16.213367,1718.7,136836.0,177080.0
2025-06-18 11:19:16.305909,1718.7,136835.0,177098.0
2025-06-18 11:19:17.212206,1719.0,136835.0,177098.0
2025-06-18 11:19:17.306983,1719.0,136979.0,176473.0
2025-06-18 11:19:18.212463,1718.6,136979.0,176473.0
2025-06-18 11:19:18.309004,1718.6,136691.0,176483.0
2025-06-18 11:19:19.211614,1718.7,136691.0,176483.0
2025-06-18 11:19:19.308439,1718.7,135507.0,176626.0
2025-06-18 11:19:20.212844,1718.9,135507.0,176626.0
2025-06-18 11:19:20.309979,1718.9,136272.0,176922.0
2025-06-18 11:19:21.309343,1718.9,136244.0,176970.0
2025-06-18 11:19:22.214234,1718.6,136244.0,176970.0
2025-06-18 11:19:22.310751,1719.0,136324.0,176976.0
2025-06-18 11:19:23.213073,1718.4,136324.0,176976.0
2025-06-18 11:19:23.310179,1718.4,136524.0,176974.0
2025-06-18 11:19:24.215968,1719.0,136524.0,176974.0
2025-06-18 11:19:24.412284,1719.0,136494.0,176993.0
2025-06-18 11:19:25.212006,1719.0,136494.0,176993.0
2025-06-18 11:19:25.514514,1719.0,136761.0,176924.0
2025-06-18 11:19:26.214826,1718.5,136761.0,176924.0
2025-06-18 11:19:26.515051,1718.5,136522.0,176941.0
2025-06-18 11:19:27.215492,1718.5,136522.0,176941.0
2025-06-18 11:19:27.614596,1719.0,136212.0,177047.0
2025-06-18 11:19:28.217614,1718.5,136212.0,177047.0
2025-06-18 11:19:28.712521,1718.5,136310.0,176855.0
2025-06-18 11:19:29.212216,1718.5,136310.0,176855.0
2025-06-18 11:19:29.815640,1718.5,136018.0,177554.0
2025-06-18 11:19:30.215496,1718.5,136018.0,177554.0
2025-06-18 11:19:30.814763,1718.7,136311.0,177594.0
2025-06-18 11:19:31.215804,1718.7,136311.0,177594.0
2025-06-18 11:19:31.816917,1718.9,136129.0,177651.0
2025-06-18 11:19:32.209231,1719.0,136129.0,177651.0
2025-06-18 11:19:32.815316,1719.0,136189.0,177412.0
2025-06-18 11:19:33.210271,1719.0,136189.0,177412.0
2025-06-18 11:19:33.815394,1718.9,136091.0,177327.0
2025-06-18 11:19:34.240800,1718.9,136091.0,177327.0
2025-06-18 11:19:34.815590,1719.0,136686.0,177015.0
2025-06-18 11:19:35.215628,1719.1,136686.0,177015.0
2025-06-18 11:19:35.815174,1719.0,136355.0,177027.0
2025-06-18 11:19:36.215571,1719.0,136355.0,177027.0
2025-06-18 11:19:36.919985,1719.0,136355.0,177037.0
2025-06-18 11:19:37.215755,1719.1,136355.0,177037.0
2025-06-18 11:19:38.016870,1719.0,136415.0,177032.0
2025-06-18 11:19:38.234880,1719.0,136415.0,177032.0
2025-06-18 11:19:39.117934,1719.0,136410.0,177011.0
2025-06-18 11:19:39.222481,1719.0,136410.0,177011.0
2025-06-18 11:19:40.119179,1719.1,135493.0,177706.0
2025-06-18 11:19:40.217089,1719.1,135493.0,177706.0
2025-06-18 11:19:41.019083,1718.9,135639.0,177690.0
2025-06-18 11:19:41.213188,1718.9,135639.0,177690.0
2025-06-18 11:19:42.020753,1718.9,135640.0,177672.0
2025-06-18 11:19:42.255642,1718.9,135640.0,177672.0
2025-06-18 11:19:43.127913,1719.2,135356.0,177661.0
2025-06-18 11:19:43.234036,1719.2,135356.0,177661.0
2025-06-18 11:19:44.119315,1718.2,135322.0,178169.0
2025-06-18 11:19:44.221655,1718.2,135322.0,178169.0
2025-06-18 11:19:45.123802,1718.9,135367.0,177980.0
2025-06-18 11:19:45.209701,1718.9,135367.0,177980.0
2025-06-18 11:19:46.124681,1718.2,135352.0,178298.0
2025-06-18 11:19:46.214220,1718.2,135352.0,178298.0
2025-06-18 11:19:47.126808,1718.2,135337.0,178183.0
2025-06-18 11:19:47.215075,1718.2,135337.0,178183.0
2025-06-18 11:19:48.123090,1718.2,135699.0,178089.0
2025-06-18 11:19:48.216663,1718.2,135699.0,178089.0
2025-06-18 11:19:49.130449,1718.4,135696.0,178083.0
2025-06-18 11:19:49.258790,1718.4,135696.0,178083.0
2025-06-18 11:19:50.125514,1718.4,135903.0,177890.0
2025-06-18 11:19:50.222537,1718.4,135903.0,177890.0
2025-06-18 11:19:51.132379,1718.6,136031.0,177853.0
2025-06-18 11:19:51.222204,1718.6,136031.0,177853.0
2025-06-18 11:19:52.125159,1718.6,135969.0,177744.0
2025-06-18 11:19:52.215990,1718.6,135969.0,177744.0
2025-06-18 11:19:53.126711,1718.6,135969.0,177735.0
2025-06-18 11:19:53.220729,1718.6,135969.0,177735.0
2025-06-18 11:19:54.130095,1718.9,135893.0,177966.0
2025-06-18 11:19:54.211365,1718.9,135893.0,177966.0
2025-06-18 11:19:55.130312,1719.0,136017.0,177769.0
2025-06-18 11:19:55.216672,1719.0,136017.0,177769.0
2025-06-18 11:19:56.035491,1718.7,135201.0,177928.0
2025-06-18 11:19:56.209475,1718.7,135201.0,177928.0
2025-06-18 11:19:57.137082,1718.7,134971.0,177765.0
2025-06-18 11:19:58.132956,1718.7,135313.0,177608.0
2025-06-18 11:19:58.216203,1718.7,135313.0,177608.0
2025-06-18 11:20:00.481516,1718.7,135313.0,177608.0
2025-06-18 11:20:00.486616,1718.7,135254.0,177574.0
2025-06-18 11:20:00.518970,1718.0,135254.0,177574.0
2025-06-18 11:20:00.520896,1718.0,133919.0,178236.0
2025-06-18 11:20:03.223044,1718.0,133919.0,178236.0
2025-06-18 11:20:04.236228,1718.0,133996.0,178433.0
2025-06-18 11:20:05.227010,1718.0,133996.0,178433.0
2025-06-18 11:20:06.220092,1718.0,133996.0,178433.0
2025-06-18 11:20:07.220689,1718.6,133996.0,178433.0
2025-06-18 11:20:08.219287,1718.7,133996.0,178433.0
2025-06-18 11:20:09.045163,1718.6,134208.0,177946.0
2025-06-18 11:20:09.219764,1718.6,134208.0,177946.0
2025-06-18 11:20:10.219158,1718.7,134208.0,177946.0
2025-06-18 11:20:11.218636,1718.6,134208.0,177946.0
2025-06-18 11:20:12.219574,1718.6,134208.0,177946.0
2025-06-18 11:20:13.222863,1718.7,134208.0,177946.0
2025-06-18 11:20:13.548148,1718.7,134464.0,177994.0
2025-06-18 11:20:14.216556,1718.7,134464.0,177994.0
2025-06-18 11:20:15.215669,1718.6,134464.0,177994.0
2025-06-18 11:20:16.220364,1718.7,134464.0,177994.0
2025-06-18 11:20:17.221601,1718.7,134464.0,177994.0
2025-06-18 11:20:18.157384,1718.5,133653.0,178449.0
2025-06-18 11:20:18.225277,1718.5,133653.0,178449.0
2025-06-18 11:20:19.245315,1718.5,133653.0,178449.0
2025-06-18 11:20:20.221526,1718.2,133653.0,178449.0
2025-06-18 11:20:22.219023,1718.9,133653.0,178449.0
2025-06-18 11:20:23.252752,1718.2,133653.0,178449.0
2025-06-18 11:20:23.258228,1718.2,134434.0,178719.0
2025-06-18 11:20:24.217978,1718.9,134434.0,178719.0
2025-06-18 11:20:25.218301,1718.9,134434.0,178719.0
2025-06-18 11:20:26.222375,1718.6,134434.0,178719.0
2025-06-18 11:20:27.219300,1718.9,134434.0,178719.0
2025-06-18 11:20:28.218643,1718.6,134434.0,178719.0
2025-06-18 11:20:28.360321,1718.6,134485.0,179136.0
2025-06-18 11:20:29.225596,1718.6,134485.0,179136.0
2025-06-18 11:20:30.225440,1718.6,134485.0,179136.0
2025-06-18 11:20:32.224968,1718.7,134485.0,179136.0
2025-06-18 11:20:33.217345,1718.9,134485.0,179136.0
2025-06-18 11:20:33.362151,1718.9,134944.0,179380.0
2025-06-18 11:20:34.223903,1718.7,134944.0,179380.0
2025-06-18 11:20:35.218717,1718.9,134944.0,179380.0
2025-06-18 11:20:36.223625,1718.7,134944.0,179380.0
2025-06-18 11:20:37.220403,1718.9,134944.0,179380.0
2025-06-18 11:20:38.220813,1718.7,134944.0,179380.0
2025-06-18 11:20:38.265832,1718.7,134999.0,179448.0
2025-06-18 11:20:39.218324,1718.8,134999.0,179448.0
2025-06-18 11:20:40.228832,1718.9,134999.0,179448.0
2025-06-18 11:20:41.220225,1718.8,134999.0,179448.0
2025-06-18 11:20:42.220932,1718.8,134999.0,179448.0
2025-06-18 11:20:42.968059,1718.9,134928.0,179423.0
2025-06-18 11:20:43.239095,1718.9,134928.0,179423.0
2025-06-18 11:20:44.229078,1718.8,134928.0,179423.0
2025-06-18 11:20:45.222734,1718.9,134928.0,179423.0
2025-06-18 11:20:46.221494,1718.7,134928.0,179423.0
2025-06-18 11:20:47.295885,1718.9,134928.0,179423.0
2025-06-18 11:20:47.971062,1718.7,134891.0,179462.0
2025-06-18 11:20:48.219544,1718.9,134891.0,179462.0
2025-06-18 11:20:49.220667,1718.7,134891.0,179462.0
2025-06-18 11:20:50.226152,1718.7,134891.0,179462.0
2025-06-18 11:20:51.230277,1718.8,134891.0,179462.0
2025-06-18 11:20:52.217608,1718.8,134891.0,179462.0
2025-06-18 11:20:53.072698,1718.2,134218.0,180907.0
2025-06-18 11:20:53.225442,1718.2,134218.0,180907.0
2025-06-18 11:20:54.226500,1718.8,134218.0,180907.0
2025-06-18 11:20:55.221563,1718.8,134218.0,180907.0
2025-06-18 11:20:56.259564,1718.8,134218.0,180907.0
2025-06-18 11:20:57.226516,1718.8,134218.0,180907.0
2025-06-18 11:20:58.175908,1718.3,134182.0,180984.0
2025-06-18 11:20:58.225055,1718.3,134182.0,180984.0
2025-06-18 11:20:59.222108,1718.4,134182.0,180984.0
2025-06-18 11:21:00.223245,1718.4,134182.0,180984.0
2025-06-18 11:21:01.226865,1718.8,134182.0,180984.0
2025-06-18 11:21:02.217425,1718.7,134182.0,180984.0
2025-06-18 11:21:02.680111,1718.7,133869.0,180753.0
2025-06-18 11:21:03.241529,1718.4,133869.0,180753.0
2025-06-18 11:21:04.222557,1718.4,133869.0,180753.0
2025-06-18 11:21:05.223705,1718.6,133869.0,180753.0
2025-06-18 11:21:06.226852,1718.2,133869.0,180753.0
2025-06-18 11:21:07.218723,1718.4,133869.0,180753.0
2025-06-18 11:21:07.585739,1718.4,133655.0,182023.0
2025-06-18 11:21:08.220831,1718.2,133655.0,182023.0
2025-06-18 11:21:09.218825,1718.3,133655.0,182023.0
2025-06-18 11:21:10.219348,1718.1,133655.0,182023.0
2025-06-18 11:21:11.223119,1718.1,133655.0,182023.0
2025-06-18 11:21:12.224234,1718.2,133655.0,182023.0
2025-06-18 11:21:12.485462,1718.2,133295.0,183322.0
2025-06-18 11:21:14.216829,1718.1,133295.0,183322.0
2025-06-18 11:21:15.236219,1718.2,133295.0,183322.0
2025-06-18 11:21:16.233014,1718.2,133295.0,183322.0
2025-06-18 11:21:17.097068,1718.0,133481.0,183518.0
2025-06-18 11:21:17.263504,1718.0,133481.0,183518.0
2025-06-18 11:21:18.221884,1718.0,133481.0,183518.0
2025-06-18 11:21:19.219732,1718.0,133481.0,183518.0
2025-06-18 11:21:20.221715,1718.0,133481.0,183518.0
2025-06-18 11:21:21.894892,1718.0,133555.0,183602.0
2025-06-18 11:21:22.222605,1718.2,133555.0,183602.0
2025-06-18 11:21:23.219120,1718.0,133555.0,183602.0
2025-06-18 11:21:24.237120,1718.1,133555.0,183602.0
2025-06-18 11:21:25.226957,1718.1,133555.0,183602.0
2025-06-18 11:21:26.222299,1718.1,133555.0,183602.0
2025-06-18 11:21:27.095944,1718.1,133343.0,183893.0
2025-06-18 11:21:27.231035,1718.0,133343.0,183893.0
2025-06-18 11:21:28.221955,1717.8,133343.0,183893.0
2025-06-18 11:21:29.220342,1717.8,133343.0,183893.0
2025-06-18 11:21:30.221018,1717.8,133343.0,183893.0
2025-06-18 11:21:32.100485,1717.7,133132.0,184194.0
2025-06-18 11:21:32.219366,1717.8,133132.0,184194.0
2025-06-18 11:21:33.223548,1717.8,133132.0,184194.0
2025-06-18 11:21:34.221454,1717.5,133132.0,184194.0
2025-06-18 11:21:35.223774,1717.5,133132.0,184194.0
2025-06-18 11:21:36.219775,1717.5,133132.0,184194.0
2025-06-18 11:21:37.103643,1717.5,133301.0,184395.0
2025-06-18 11:21:37.224466,1717.8,133301.0,184395.0
2025-06-18 11:21:38.229237,1717.5,133301.0,184395.0
2025-06-18 11:21:39.247945,1717.6,133301.0,184395.0
2025-06-18 11:21:40.223183,1717.9,133301.0,184395.0
2025-06-18 11:21:41.221942,1717.9,133301.0,184395.0
2025-06-18 11:21:41.636294,1717.9,133199.0,184605.0
2025-06-18 11:21:42.226590,1717.8,133199.0,184605.0
2025-06-18 11:21:43.227516,1717.6,133199.0,184605.0
2025-06-18 11:21:44.226324,1717.6,133199.0,184605.0
2025-06-18 11:21:45.223118,1717.8,133199.0,184605.0
2025-06-18 11:21:46.212165,1717.6,133251.0,184299.0
2025-06-18 11:21:46.237045,1717.6,133251.0,184299.0
2025-06-18 11:21:47.236417,1717.8,133251.0,184299.0
2025-06-18 11:21:48.228103,1717.6,133251.0,184299.0
2025-06-18 11:21:49.050600,1717.6,133251.0,184299.0
2025-06-18 11:21:49.227380,1717.6,133251.0,184299.0
2025-06-18 11:21:50.212329,1717.6,133251.0,184299.0
2025-06-18 11:21:50.228760,1717.6,133251.0,184299.0
2025-06-18 11:21:51.009977,1717.7,133128.0,184079.0
2025-06-18 11:21:51.054200,1717.7,133128.0,184079.0
2025-06-18 11:21:51.255143,1717.7,133128.0,184079.0
2025-06-18 11:21:52.580705,1717.7,133128.0,184079.0
2025-06-18 11:21:52.643160,1717.8,133128.0,184079.0
2025-06-18 11:21:52.846687,1717.8,133128.0,184079.0
2025-06-18 11:21:53.256754,1717.8,133128.0,184079.0
2025-06-18 11:21:53.651278,1717.8,133128.0,184079.0
2025-06-18 11:21:54.225563,1717.8,133128.0,184079.0
2025-06-18 11:21:54.653847,1717.8,133128.0,184079.0
2025-06-18 11:21:55.209875,1717.8,133128.0,184079.0
2025-06-18 11:21:55.243430,1717.9,133128.0,184079.0
2025-06-18 11:21:55.641128,1717.9,133128.0,184079.0
2025-06-18 11:21:56.110738,1717.9,133128.0,184079.0
2025-06-18 11:21:56.136799,1717.9,133281.0,183918.0
2025-06-18 11:21:56.219821,1717.9,133281.0,183918.0
2025-06-18 11:21:56.481440,1717.9,133281.0,183918.0
2025-06-18 11:21:57.237009,1718.0,133281.0,183918.0
2025-06-18 11:21:57.361019,1718.0,133281.0,183918.0
2025-06-18 11:21:58.227821,1717.9,133281.0,183918.0
2025-06-18 11:21:58.673683,1717.9,133281.0,183918.0
2025-06-18 11:21:59.259625,1717.5,133281.0,183918.0
2025-06-18 11:21:59.496991,1717.5,133281.0,183918.0
2025-06-18 11:22:00.227770,1717.4,133281.0,183918.0
2025-06-18 11:22:00.883705,1717.4,133281.0,183918.0
2025-06-18 11:22:01.313852,1717.4,132922.0,183913.0
2025-06-18 11:22:02.018467,1717.4,132922.0,183913.0
2025-06-18 11:22:02.227572,1718.0,132922.0,183913.0
2025-06-18 11:22:03.234413,1717.4,132922.0,183913.0
2025-06-18 11:22:03.389964,1717.4,132922.0,183913.0
2025-06-18 11:22:05.187863,1717.4,132922.0,183913.0
2025-06-18 11:22:05.221563,1717.4,132922.0,183913.0
2025-06-18 11:22:05.232662,1717.4,132922.0,183913.0
2025-06-18 11:22:06.128500,1717.4,132844.0,184107.0
2025-06-18 11:22:06.226339,1717.4,132844.0,184107.0
2025-06-18 11:22:07.229512,1717.7,132844.0,184107.0
2025-06-18 11:22:08.224725,1717.4,132844.0,184107.0
2025-06-18 11:22:09.223586,1717.6,132844.0,184107.0
2025-06-18 11:22:10.223370,1718.0,132844.0,184107.0
2025-06-18 11:22:11.306029,1717.8,132844.0,184107.0
2025-06-18 11:22:11.306506,1717.8,133743.0,183265.0
2025-06-18 11:22:12.227605,1718.0,133743.0,183265.0
2025-06-18 11:22:14.223764,1717.7,133743.0,183265.0
2025-06-18 11:22:15.257791,1718.0,133743.0,183265.0
2025-06-18 11:22:16.238753,1717.7,133743.0,183265.0
2025-06-18 11:22:16.324782,1717.8,134382.0,183375.0
2025-06-18 11:22:17.254787,1718.0,134382.0,183375.0
2025-06-18 11:22:18.226804,1717.8,134382.0,183375.0
2025-06-18 11:22:19.360963,1717.8,134382.0,183375.0
2025-06-18 11:22:20.230769,1717.8,134382.0,183375.0
2025-06-18 11:22:21.259957,1717.8,134272.0,183173.0
2025-06-18 11:22:22.253038,1718.0,134272.0,183173.0
2025-06-18 11:22:23.227435,1717.8,134272.0,183173.0
2025-06-18 11:22:24.256569,1718.0,134272.0,183173.0
2025-06-18 11:22:25.231672,1718.0,134272.0,183173.0
2025-06-18 11:22:26.150676,1717.9,134729.0,183170.0
2025-06-18 11:22:26.236852,1717.9,134729.0,183170.0
2025-06-18 11:22:27.269774,1718.0,134729.0,183170.0
2025-06-18 11:22:28.248372,1717.9,134729.0,183170.0
2025-06-18 11:22:29.224646,1717.9,134729.0,183170.0
2025-06-18 11:22:30.227206,1717.9,134729.0,183170.0
2025-06-18 11:22:31.032136,1717.9,134572.0,183042.0
2025-06-18 11:22:31.229229,1717.9,134572.0,183042.0
2025-06-18 11:22:32.250828,1718.0,134572.0,183042.0
2025-06-18 11:22:34.250235,1717.9,134572.0,183042.0
2025-06-18 11:22:35.228911,1718.0,134572.0,183042.0
2025-06-18 11:22:35.938108,1717.9,134824.0,182641.0
2025-06-18 11:22:36.228920,1717.9,134824.0,182641.0
2025-06-18 11:22:37.225338,1718.0,134824.0,182641.0
2025-06-18 11:22:38.256281,1718.0,134824.0,182641.0
2025-06-18 11:22:39.230442,1717.9,134824.0,182641.0
2025-06-18 11:22:40.352845,1718.0,134824.0,182641.0
2025-06-18 11:22:41.040705,1717.8,134906.0,182991.0
2025-06-18 11:22:41.234620,1717.8,134906.0,182991.0
2025-06-18 11:22:42.228818,1718.0,134906.0,182991.0
2025-06-18 11:22:43.223691,1717.8,134906.0,182991.0
2025-06-18 11:22:45.132139,1717.8,134906.0,182991.0
2025-06-18 11:22:45.247798,1717.9,134906.0,182991.0
2025-06-18 11:22:46.232880,1717.8,134906.0,182991.0
2025-06-18 11:22:46.342725,1717.8,134963.0,182698.0
2025-06-18 11:22:47.227008,1717.9,134963.0,182698.0
2025-06-18 11:22:48.234854,1717.8,134963.0,182698.0
2025-06-18 11:22:49.226827,1717.8,134963.0,182698.0
2025-06-18 11:22:50.230789,1717.8,134963.0,182698.0
2025-06-18 11:22:51.228555,1717.8,134963.0,182698.0
2025-06-18 11:22:51.550567,1717.8,134953.0,182751.0
2025-06-18 11:22:52.259936,1717.9,134953.0,182751.0
2025-06-18 11:22:53.233841,1717.7,134953.0,182751.0
2025-06-18 11:22:54.233215,1717.8,134953.0,182751.0
2025-06-18 11:22:55.236084,1717.9,134953.0,182751.0
2025-06-18 11:22:56.232255,1717.8,134953.0,182751.0
2025-06-18 11:22:56.355444,1717.8,133865.0,182817.0
2025-06-18 11:22:57.227482,1717.9,133865.0,182817.0
2025-06-18 11:22:58.243243,1717.8,133865.0,182817.0
2025-06-18 11:22:59.239135,1717.8,133865.0,182817.0
2025-06-18 11:23:00.238174,1717.8,133865.0,182817.0
2025-06-18 11:23:01.054129,1717.7,133054.0,182887.0
2025-06-18 11:23:01.228352,1717.7,133054.0,182887.0
2025-06-18 11:23:02.246197,1717.9,133054.0,182887.0
2025-06-18 11:23:03.237916,1717.9,133054.0,182887.0
2025-06-18 11:23:04.228783,1718.0,133054.0,182887.0
2025-06-18 11:23:05.228389,1717.9,133054.0,182887.0
2025-06-18 11:23:05.955442,1717.9,133145.0,181661.0
2025-06-18 11:23:06.239301,1717.9,133145.0,181661.0
2025-06-18 11:23:07.232019,1718.1,133145.0,181661.0
2025-06-18 11:23:08.235698,1718.2,133145.0,181661.0
2025-06-18 11:23:09.228630,1718.1,133145.0,181661.0
2025-06-18 11:23:10.229867,1718.2,133145.0,181661.0
2025-06-18 11:23:11.058994,1718.1,133370.0,181207.0
2025-06-18 11:23:11.237071,1718.1,133370.0,181207.0
2025-06-18 11:23:12.575543,1718.2,133370.0,181207.0
2025-06-18 11:23:13.243585,1718.1,133370.0,181207.0
2025-06-18 11:23:14.239659,1718.1,133370.0,181207.0
2025-06-18 11:23:15.236819,1718.2,133370.0,181207.0
2025-06-18 11:23:15.859390,1717.7,132742.0,182053.0
2025-06-18 11:23:18.236703,1717.7,132742.0,182053.0
2025-06-18 11:23:21.227595,1717.7,132742.0,182053.0
2025-06-18 11:23:21.364434,1717.7,132643.0,182367.0
2025-06-18 11:23:24.263197,1718.2,132643.0,182367.0
2025-06-18 11:23:25.262160,1718.2,132643.0,182367.0
2025-06-18 11:23:26.867117,1717.8,133521.0,182414.0
2025-06-18 11:23:27.238096,1718.2,133521.0,182414.0
2025-06-18 11:23:29.255722,1717.8,133521.0,182414.0
2025-06-18 11:23:31.281847,1718.2,133521.0,182414.0
2025-06-18 11:23:32.073857,1718.0,133741.0,182095.0
2025-06-18 11:23:33.240115,1718.2,133741.0,182095.0
2025-06-18 11:23:35.234950,1718.2,133741.0,182095.0
2025-06-18 11:23:37.239886,1718.2,133741.0,182095.0
2025-06-18 11:23:37.277548,1718.2,133470.0,182551.0
2025-06-18 11:23:39.270163,1717.8,133470.0,182551.0
2025-06-18 11:23:41.248773,1717.8,133470.0,182551.0
2025-06-18 11:23:42.213851,1717.8,133362.0,182510.0
2025-06-18 11:23:43.239350,1718.2,133362.0,182510.0
2025-06-18 11:23:45.237843,1718.2,133362.0,182510.0
2025-06-18 11:23:47.206909,1717.7,133390.0,182951.0
2025-06-18 11:23:47.238022,1717.8,133390.0,182951.0
2025-06-18 11:23:49.386827,1717.8,133390.0,182951.0
2025-06-18 11:23:51.243780,1718.0,133390.0,182951.0
2025-06-18 11:23:51.984457,1718.0,133735.0,182152.0
2025-06-18 11:23:53.240365,1718.2,133735.0,182152.0
2025-06-18 11:23:55.241370,1718.2,133735.0,182152.0
2025-06-18 11:23:56.588775,1717.7,132917.0,182640.0
2025-06-18 11:23:57.253292,1717.7,132917.0,182640.0
2025-06-18 11:23:59.250868,1717.7,132917.0,182640.0
2025-06-18 11:24:01.240067,1718.2,132917.0,182640.0
2025-06-18 11:24:01.698475,1717.7,133357.0,182670.0
2025-06-18 11:24:03.240222,1717.7,133357.0,182670.0
2025-06-18 11:24:05.243720,1717.5,133357.0,182670.0
2025-06-18 11:24:06.594881,1717.5,131423.0,183539.0
2025-06-18 11:24:07.246438,1717.7,131423.0,183539.0
2025-06-18 11:24:09.243627,1717.6,131423.0,183539.0
2025-06-18 11:24:11.249030,1717.6,131423.0,183539.0
2025-06-18 11:24:11.597415,1717.6,130967.0,183471.0
2025-06-18 11:24:13.239041,1717.6,130967.0,183471.0
2025-06-18 11:24:15.241753,1717.8,130967.0,183471.0
2025-06-18 11:24:17.289277,1717.8,131147.0,183432.0
2025-06-18 11:24:17.362173,1717.8,131147.0,183432.0
2025-06-18 11:24:19.284458,1717.5,131147.0,183432.0
2025-06-18 11:24:21.274179,1717.5,131147.0,183432.0
2025-06-18 11:24:21.400981,1717.5,131312.0,183301.0
2025-06-18 11:24:23.264496,1717.3,131312.0,183301.0
2025-06-18 11:24:25.237505,1717.5,131312.0,183301.0
2025-06-18 11:24:26.604207,1717.4,130559.0,184122.0
2025-06-18 11:24:27.256590,1717.5,130559.0,184122.0
2025-06-18 11:24:29.250283,1717.3,130559.0,184122.0
2025-06-18 11:24:31.265768,1717.3,130559.0,184122.0
2025-06-18 11:24:31.807806,1717.4,130600.0,183867.0
2025-06-18 11:24:33.282052,1717.5,130600.0,183867.0
2025-06-18 11:24:35.245782,1717.3,130600.0,183867.0
2025-06-18 11:24:36.609581,1717.3,130662.0,183971.0
2025-06-18 11:24:37.264017,1717.4,130662.0,183971.0
2025-06-18 11:24:39.273052,1717.4,130662.0,183971.0
2025-06-18 11:24:41.238406,1717.4,130662.0,183971.0
2025-06-18 11:24:41.411397,1717.4,130984.0,184038.0
2025-06-18 11:24:43.236845,1717.4,130984.0,184038.0
2025-06-18 11:24:45.233208,1717.3,130984.0,184038.0
2025-06-18 11:24:46.410186,1717.3,131051.0,183908.0
2025-06-18 11:24:47.244092,1717.5,131051.0,183908.0
2025-06-18 11:24:49.452698,1717.5,131051.0,183908.0
2025-06-18 11:24:49.486969,1717.5,131051.0,183908.0
2025-06-18 11:24:50.571291,1717.5,131051.0,183908.0
2025-06-18 11:24:51.478806,1717.5,131051.0,183908.0
2025-06-18 11:24:51.618404,1717.5,131708.0,183818.0
2025-06-18 11:24:52.229979,1717.7,131708.0,183818.0
2025-06-18 11:24:52.408764,1717.7,131708.0,183818.0
2025-06-18 11:24:53.238296,1717.8,131708.0,183818.0
2025-06-18 11:24:53.301458,1717.8,131708.0,183818.0
2025-06-18 11:24:54.043829,1717.8,131708.0,183818.0
2025-06-18 11:24:55.063942,1717.8,131708.0,183818.0
2025-06-18 11:24:55.314086,1718.0,131708.0,183818.0
2025-06-18 11:24:55.636632,1718.0,131708.0,183818.0
2025-06-18 11:24:56.052131,1718.0,131708.0,183818.0
2025-06-18 11:24:56.418527,1717.8,132476.0,182852.0
2025-06-18 11:24:56.526806,1717.8,132476.0,182852.0
2025-06-18 11:24:57.782383,1717.8,132476.0,182852.0
2025-06-18 11:24:58.231080,1718.0,132476.0,182852.0
2025-06-18 11:24:59.027786,1718.0,132476.0,182852.0
2025-06-18 11:24:59.240549,1716.8,132476.0,182852.0
2025-06-18 11:24:59.901117,1716.8,132476.0,182852.0
2025-06-18 11:25:01.123179,1716.5,129797.0,184487.0
2025-06-18 11:25:01.235863,1716.5,129797.0,184487.0
2025-06-18 11:25:01.283815,1716.5,129797.0,184487.0
2025-06-18 11:25:02.414197,1716.5,129797.0,184487.0
2025-06-18 11:25:03.240453,1716.4,129797.0,184487.0
2025-06-18 11:25:03.547605,1716.4,129797.0,184487.0
2025-06-18 11:25:05.012703,1716.4,129797.0,184487.0
2025-06-18 11:25:05.248340,1716.1,129797.0,184487.0
2025-06-18 11:25:06.327845,1716.1,129045.0,184317.0
2025-06-18 11:25:08.228832,1716.1,129045.0,184317.0
2025-06-18 11:25:10.227751,1716.2,129045.0,184317.0
2025-06-18 11:25:11.831856,1715.7,126729.0,184415.0
2025-06-18 11:25:12.229716,1716.0,126729.0,184415.0
2025-06-18 11:25:15.234443,1715.7,126729.0,184415.0
2025-06-18 11:25:17.234314,1716.0,126729.0,184415.0
2025-06-18 11:25:17.239516,1716.0,127306.0,184187.0
2025-06-18 11:25:19.234192,1716.2,127306.0,184187.0
2025-06-18 11:25:21.232560,1716.2,127306.0,184187.0
2025-06-18 11:25:22.538480,1716.2,129997.0,182504.0
2025-06-18 11:25:23.371271,1716.2,129997.0,182504.0
2025-06-18 11:25:25.239093,1716.9,129997.0,182504.0
2025-06-18 11:25:27.237929,1716.4,129997.0,182504.0
2025-06-18 11:25:27.802875,1716.4,131121.0,180664.0
2025-06-18 11:25:29.236865,1716.9,131121.0,180664.0
2025-06-18 11:25:31.237953,1716.7,131121.0,180664.0
2025-06-18 11:25:32.441232,1717.0,129940.0,181000.0
2025-06-18 11:25:33.238309,1717.0,129940.0,181000.0
2025-06-18 11:25:35.249112,1715.2,129940.0,181000.0
2025-06-18 11:25:37.241534,1715.7,129940.0,181000.0
2025-06-18 11:25:37.547167,1715.7,125428.0,183449.0
2025-06-18 11:25:39.939014,1715.3,125428.0,183449.0
2025-06-18 11:25:41.230437,1715.3,125428.0,183449.0
2025-06-18 11:25:42.346119,1715.7,126295.0,183207.0
2025-06-18 11:25:43.236793,1715.7,126295.0,183207.0
2025-06-18 11:25:45.233971,1715.7,126295.0,183207.0
2025-06-18 11:25:47.053178,1715.3,125938.0,183029.0
2025-06-18 11:25:47.240812,1715.9,125938.0,183029.0
2025-06-18 11:25:49.259280,1715.3,125938.0,183029.0
2025-06-18 11:25:51.237407,1715.6,125938.0,183029.0
2025-06-18 11:25:52.357490,1715.9,127133.0,181840.0
2025-06-18 11:25:53.242744,1715.6,127133.0,181840.0
2025-06-18 11:25:55.246853,1716.0,127133.0,181840.0
2025-06-18 11:25:57.247789,1715.9,127133.0,181840.0
2025-06-18 11:25:57.564421,1715.9,126957.0,182424.0
2025-06-18 11:25:59.232282,1715.5,126957.0,182424.0
2025-06-18 11:26:01.248528,1715.5,126957.0,182424.0
2025-06-18 11:26:01.699367,1715.5,126957.0,182564.0
2025-06-18 11:26:02.233407,1715.9,126957.0,182564.0
2025-06-18 11:26:02.752871,1715.5,126762.0,182502.0
2025-06-18 11:26:03.241504,1715.5,126762.0,182502.0
2025-06-18 11:26:03.852460,1715.1,126423.0,182472.0
2025-06-18 11:26:04.229985,1715.1,126423.0,182472.0
2025-06-18 11:26:05.244983,1715.1,126423.0,182472.0
2025-06-18 11:26:05.354984,1715.1,126707.0,182477.0
2025-06-18 11:26:06.238143,1715.1,126707.0,182477.0
2025-06-18 11:26:06.356497,1715.1,126355.0,182576.0
2025-06-18 11:26:07.230508,1715.6,126355.0,182576.0
2025-06-18 11:26:07.354787,1715.6,126313.0,182601.0
2025-06-18 11:26:08.236606,1715.1,126313.0,182601.0
2025-06-18 11:26:08.459064,1715.1,126397.0,182514.0
2025-06-18 11:26:09.253843,1715.2,126397.0,182514.0
2025-06-18 11:26:09.557676,1715.2,126446.0,182816.0
2025-06-18 11:26:10.257387,1715.1,126446.0,182816.0
2025-06-18 11:26:10.559333,1715.0,124206.0,183062.0
2025-06-18 11:26:11.398522,1714.9,124206.0,183062.0
2025-06-18 11:26:11.560480,1714.9,124516.0,182904.0
2025-06-18 11:26:12.237847,1714.9,124516.0,182904.0
2025-06-18 11:26:13.174591,1714.9,124668.0,182842.0
2025-06-18 11:26:14.229046,1714.8,124668.0,182842.0
2025-06-18 11:26:14.263920,1714.8,124556.0,182854.0
2025-06-18 11:26:15.238091,1714.8,124556.0,182854.0
2025-06-18 11:26:15.272396,1714.8,124597.0,182862.0
2025-06-18 11:26:16.261401,1714.8,124597.0,182862.0
2025-06-18 11:26:16.270718,1714.8,124596.0,182699.0
2025-06-18 11:26:17.228367,1714.9,124596.0,182699.0
2025-06-18 11:26:17.266239,1714.9,124626.0,182846.0
2025-06-18 11:26:18.242979,1714.9,124626.0,182846.0
2025-06-18 11:26:18.279664,1714.9,124702.0,182679.0
2025-06-18 11:26:19.246901,1714.8,124702.0,182679.0
2025-06-18 11:26:19.268511,1714.8,124760.0,182820.0
2025-06-18 11:26:20.195171,1714.8,124539.0,182663.0
2025-06-18 11:26:20.447815,1714.8,124539.0,182663.0
2025-06-18 11:26:21.295551,1714.8,124539.0,182663.0
2025-06-18 11:26:22.226835,1715.2,124539.0,182663.0
2025-06-18 11:26:22.266944,1715.2,124416.0,182665.0
2025-06-18 11:26:23.265412,1714.8,124416.0,182665.0
2025-06-18 11:26:23.273910,1714.8,124365.0,182657.0
2025-06-18 11:26:24.232419,1715.2,124365.0,182657.0
2025-06-18 11:26:24.368636,1715.2,124364.0,182757.0
2025-06-18 11:26:25.273649,1715.3,124364.0,182757.0
2025-06-18 11:26:25.280967,1715.3,124303.0,182650.0
2025-06-18 11:26:26.254814,1714.8,124303.0,182650.0
2025-06-18 11:26:26.270266,1714.8,124327.0,182611.0
2025-06-18 11:26:27.234310,1715.4,124327.0,182611.0
2025-06-18 11:26:27.271542,1715.4,124596.0,182441.0
2025-06-18 11:26:28.236309,1715.4,124596.0,182441.0
2025-06-18 11:26:28.276943,1715.4,124633.0,182539.0
2025-06-18 11:26:29.256326,1714.8,124633.0,182539.0
2025-06-18 11:26:29.270264,1714.8,124538.0,182647.0
2025-06-18 11:26:30.183736,1714.8,124406.0,182652.0
2025-06-18 11:26:30.240169,1714.8,124406.0,182652.0
2025-06-18 11:26:31.183855,1714.8,124449.0,182555.0
2025-06-18 11:26:31.233666,1714.8,124449.0,182555.0
2025-06-18 11:26:32.201486,1714.8,124484.0,182486.0
2025-06-18 11:26:32.229301,1715.0,124484.0,182486.0
2025-06-18 11:26:33.190746,1715.0,124483.0,182507.0
2025-06-18 11:26:34.186798,1714.8,124468.0,182467.0
2025-06-18 11:26:34.235263,1714.8,124468.0,182467.0
2025-06-18 11:26:35.184497,1714.8,124531.0,182422.0
2025-06-18 11:26:35.228469,1714.8,124531.0,182422.0
2025-06-18 11:26:36.242525,1714.8,124531.0,182422.0
2025-06-18 11:26:36.275130,1714.8,124575.0,182221.0
2025-06-18 11:26:37.244865,1715.0,124575.0,182221.0
2025-06-18 11:26:37.376134,1714.8,124909.0,182120.0
2025-06-18 11:26:38.238227,1714.8,124909.0,182120.0
2025-06-18 11:26:38.377955,1714.8,124771.0,182407.0
2025-06-18 11:26:39.239946,1714.9,124771.0,182407.0
2025-06-18 11:26:39.376947,1714.9,124816.0,182398.0
2025-06-18 11:26:40.239548,1715.4,124816.0,182398.0
2025-06-18 11:26:40.376936,1715.4,124851.0,182384.0
2025-06-18 11:26:41.236496,1714.9,124851.0,182384.0
2025-06-18 11:26:41.379750,1714.9,124907.0,182400.0
2025-06-18 11:26:42.231128,1715.4,124907.0,182400.0
2025-06-18 11:26:42.475682,1715.4,124907.0,182421.0
2025-06-18 11:26:43.247499,1714.9,124907.0,182421.0
2025-06-18 11:26:43.577926,1714.8,125099.0,182407.0
2025-06-18 11:26:44.259372,1714.8,125099.0,182407.0
2025-06-18 11:26:44.576763,1715.4,125080.0,182353.0
2025-06-18 11:26:45.229739,1715.4,125080.0,182353.0
2025-06-18 11:26:45.691678,1714.8,125308.0,182315.0
2025-06-18 11:26:46.238954,1714.8,125308.0,182315.0
2025-06-18 11:26:46.778104,1714.8,125369.0,182433.0
2025-06-18 11:26:47.234129,1715.4,125369.0,182433.0
2025-06-18 11:26:48.232492,1713.6,125369.0,182433.0
2025-06-18 11:26:48.382494,1713.6,120109.0,186321.0
2025-06-18 11:26:49.235317,1713.6,120109.0,186321.0
2025-06-18 11:26:49.490424,1713.6,120839.0,186407.0
2025-06-18 11:26:50.234399,1713.9,120839.0,186407.0
2025-06-18 11:26:50.486274,1713.9,120176.0,186850.0
2025-06-18 11:26:51.231323,1713.6,120176.0,186850.0
2025-06-18 11:26:51.696151,1713.6,121137.0,187324.0
2025-06-18 11:26:52.240489,1714.1,121137.0,187324.0
2025-06-18 11:26:52.704959,1713.6,118225.0,187608.0
2025-06-18 11:26:53.235555,1713.6,118225.0,187608.0
2025-06-18 11:26:53.788359,1713.7,121332.0,187800.0
2025-06-18 11:26:54.250951,1714.1,121332.0,187800.0
2025-06-18 11:26:54.787701,1714.1,121304.0,187755.0
2025-06-18 11:26:55.236042,1714.1,121304.0,187755.0
2025-06-18 11:26:55.789848,1713.7,121267.0,188111.0
2025-06-18 11:26:56.230323,1713.7,121267.0,188111.0
2025-06-18 11:26:56.890723,1714.0,120745.0,188199.0
2025-06-18 11:26:57.231971,1713.3,120745.0,188199.0
2025-06-18 11:26:57.993507,1713.1,120473.0,188963.0
2025-06-18 11:26:58.248190,1713.0,120473.0,188963.0
2025-06-18 11:26:58.991202,1713.0,120165.0,188367.0
2025-06-18 11:26:59.235537,1713.0,120165.0,188367.0
2025-06-18 11:26:59.893861,1713.0,120304.0,188093.0
2025-06-18 11:27:00.245147,1713.0,120304.0,188093.0
2025-06-18 11:27:01.900875,1713.0,119204.0,188845.0
2025-06-18 11:27:02.237716,1713.3,119204.0,188845.0
2025-06-18 11:27:03.236898,1713.0,119204.0,188845.0
2025-06-18 11:27:03.294153,1713.0,120167.0,188545.0
2025-06-18 11:27:04.279571,1713.0,120167.0,188545.0
2025-06-18 11:27:04.293937,1713.0,120194.0,188406.0
2025-06-18 11:27:05.207880,1713.0,120194.0,188391.0
2025-06-18 11:27:05.246386,1713.0,120194.0,188391.0
2025-06-18 11:27:06.269361,1713.1,120194.0,188391.0
2025-06-18 11:27:06.397179,1713.1,120784.0,187932.0
2025-06-18 11:27:07.245354,1713.1,120784.0,187932.0
2025-06-18 11:27:07.401483,1713.3,121105.0,187724.0
2025-06-18 11:27:08.254354,1713.3,121105.0,187724.0
2025-06-18 11:27:08.497764,1713.3,120883.0,187762.0
2025-06-18 11:27:09.245872,1713.2,120883.0,187762.0
2025-06-18 11:27:09.603401,1713.2,120856.0,187775.0
2025-06-18 11:27:10.244970,1713.6,120856.0,187775.0
2025-06-18 11:27:10.600095,1713.6,121080.0,187638.0
2025-06-18 11:27:11.253220,1713.3,121080.0,187638.0
2025-06-18 11:27:11.723282,1713.6,120473.0,187900.0
2025-06-18 11:27:12.232608,1713.6,120473.0,187900.0
2025-06-18 11:27:12.802490,1713.1,120941.0,187964.0
2025-06-18 11:27:13.238589,1713.1,120941.0,187964.0
2025-06-18 11:27:14.247382,1713.0,120941.0,187964.0
2025-06-18 11:27:14.500736,1713.0,120899.0,187999.0
2025-06-18 11:27:15.248454,1713.0,120899.0,187999.0
2025-06-18 11:27:15.500506,1713.0,120945.0,187857.0
2025-06-18 11:27:16.254011,1713.0,120945.0,187857.0
2025-06-18 11:27:16.504419,1713.0,120917.0,187860.0
2025-06-18 11:27:17.251554,1713.3,120917.0,187860.0
2025-06-18 11:27:17.730628,1713.2,121088.0,187848.0
2025-06-18 11:27:18.276389,1713.2,121088.0,187848.0
2025-06-18 11:27:18.718837,1713.0,120859.0,187993.0
2025-06-18 11:27:20.440549,1713.0,120859.0,187993.0
2025-06-18 11:27:20.485110,1713.1,121182.0,187802.0
2025-06-18 11:27:20.519231,1713.1,121182.0,187802.0
2025-06-18 11:27:20.718817,1713.1,121414.0,187879.0
2025-06-18 11:27:21.808120,1713.1,121150.0,188416.0
2025-06-18 11:27:22.258263,1713.8,121150.0,188416.0
2025-06-18 11:27:22.808801,1713.1,121202.0,188397.0
2025-06-18 11:27:23.279886,1713.1,121202.0,188397.0
2025-06-18 11:27:23.808429,1713.2,120913.0,188634.0
2025-06-18 11:27:24.258761,1713.6,120913.0,188634.0
2025-06-18 11:27:24.808897,1713.9,121692.0,188184.0
2025-06-18 11:27:25.275601,1713.9,121692.0,188184.0
2025-06-18 11:27:25.810037,1713.2,121076.0,188885.0
2025-06-18 11:27:26.272949,1713.6,121076.0,188885.0
2025-06-18 11:27:26.814192,1713.0,121072.0,188671.0
2025-06-18 11:27:27.290707,1713.6,121072.0,188671.0
2025-06-18 11:27:27.810232,1713.5,121571.0,188637.0
2025-06-18 11:27:28.271069,1713.5,121571.0,188637.0
2025-06-18 11:27:28.811919,1713.5,121553.0,188645.0
2025-06-18 11:27:29.286342,1713.5,121553.0,188645.0
2025-06-18 11:27:29.720302,1713.5,121576.0,187823.0
2025-06-18 11:27:30.279987,1713.5,121576.0,187823.0
2025-06-18 11:27:30.909227,1713.5,121637.0,187834.0
2025-06-18 11:27:31.283344,1713.5,121637.0,187834.0
2025-06-18 11:27:31.911749,1713.5,121635.0,187834.0
2025-06-18 11:27:32.264815,1713.6,121635.0,187834.0
2025-06-18 11:27:33.016895,1713.6,121663.0,187764.0
2025-06-18 11:27:34.013502,1713.5,121370.0,188277.0
2025-06-18 11:27:34.244077,1713.5,121370.0,188277.0
2025-06-18 11:27:35.214001,1713.0,121416.0,188464.0
2025-06-18 11:27:35.256335,1713.0,121416.0,188464.0
2025-06-18 11:27:36.241474,1713.0,121416.0,188464.0
2025-06-18 11:27:36.311209,1713.0,121385.0,188468.0
2025-06-18 11:27:37.240135,1713.6,121385.0,188468.0
2025-06-18 11:27:37.411728,1713.6,121469.0,188498.0
2025-06-18 11:27:38.246947,1713.0,121469.0,188498.0
2025-06-18 11:27:38.513393,1713.0,121447.0,188516.0
2025-06-18 11:27:39.239041,1713.1,121447.0,188516.0
2025-06-18 11:27:39.615046,1713.0,121440.0,188326.0
2025-06-18 11:27:40.241132,1713.6,121440.0,188326.0
2025-06-18 11:27:40.615139,1713.6,121413.0,188288.0
2025-06-18 11:27:41.247186,1713.0,121413.0,188288.0
2025-06-18 11:27:41.728117,1713.0,121360.0,188349.0
2025-06-18 11:27:42.247626,1713.6,121360.0,188349.0
2025-06-18 11:27:42.814752,1713.6,121355.0,188325.0
2025-06-18 11:27:43.244098,1713.6,121355.0,188325.0
2025-06-18 11:27:43.917401,1713.0,122159.0,188623.0
2025-06-18 11:27:44.242153,1713.0,122159.0,188623.0
2025-06-18 11:27:44.919300,1713.6,122084.0,188657.0
2025-06-18 11:27:45.238163,1713.6,122084.0,188657.0
2025-06-18 11:27:45.817396,1713.0,121888.0,188719.0
2025-06-18 11:27:46.242330,1713.6,121888.0,188719.0
2025-06-18 11:27:47.017366,1713.0,122710.0,187378.0
2025-06-18 11:27:47.240526,1713.6,122710.0,187378.0
2025-06-18 11:27:48.117261,1713.0,122815.0,187928.0
2025-06-18 11:27:48.238292,1713.0,122815.0,187928.0
2025-06-18 11:27:49.123371,1713.0,122644.0,188072.0
2025-06-18 11:27:49.240799,1713.0,122644.0,188072.0
2025-06-18 11:27:49.914031,1713.0,122644.0,188072.0
2025-06-18 11:27:50.119436,1713.0,122689.0,188075.0
2025-06-18 11:27:50.243379,1713.0,122689.0,188075.0
2025-06-18 11:27:51.000709,1713.0,122689.0,188075.0
2025-06-18 11:27:51.120112,1713.3,122713.0,188160.0
2025-06-18 11:27:51.236980,1713.3,122713.0,188160.0
2025-06-18 11:27:51.916553,1713.3,122713.0,188160.0
2025-06-18 11:27:52.119806,1713.3,122676.0,188171.0
2025-06-18 11:27:52.237123,1713.6,122676.0,188171.0
2025-06-18 11:27:52.844947,1713.6,122676.0,188171.0
2025-06-18 11:27:53.122384,1713.0,122211.0,188883.0
2025-06-18 11:27:53.241950,1713.0,122211.0,188883.0
2025-06-18 11:27:53.761562,1713.0,122211.0,188883.0
2025-06-18 11:27:54.125378,1713.3,122290.0,188703.0
2025-06-18 11:27:54.238711,1713.1,122290.0,188703.0
2025-06-18 11:27:54.486615,1713.1,122290.0,188703.0
2025-06-18 11:27:55.121976,1713.5,122288.0,188509.0
2025-06-18 11:27:55.244551,1713.5,122288.0,188509.0
2025-06-18 11:27:55.503817,1713.5,122288.0,188509.0
2025-06-18 11:27:56.063542,1713.5,122288.0,188509.0
2025-06-18 11:27:56.123248,1713.2,122308.0,188515.0
2025-06-18 11:27:56.240103,1713.2,122308.0,188515.0
2025-06-18 11:27:56.471975,1713.2,122308.0,188515.0
2025-06-18 11:27:57.023312,1713.2,122334.0,188519.0
2025-06-18 11:27:57.242061,1713.6,122334.0,188519.0
2025-06-18 11:27:57.329773,1713.6,122334.0,188519.0
2025-06-18 11:27:58.124658,1713.2,122331.0,188456.0
2025-06-18 11:27:58.255325,1713.2,122331.0,188456.0
2025-06-18 11:27:58.267724,1713.2,122331.0,188456.0
2025-06-18 11:27:59.123727,1713.2,122341.0,188478.0
2025-06-18 11:27:59.235466,1713.2,122341.0,188478.0
2025-06-18 11:27:59.453961,1713.2,122341.0,188478.0
2025-06-18 11:28:00.179774,1713.6,122339.0,188468.0
2025-06-18 11:28:00.255200,1713.6,122339.0,188468.0
2025-06-18 11:28:00.316259,1713.6,122339.0,188468.0
2025-06-18 11:28:01.718443,1713.6,122339.0,188468.0
2025-06-18 11:28:02.851591,1713.6,122339.0,188468.0
2025-06-18 11:28:03.245742,1713.0,122339.0,188468.0
2025-06-18 11:28:03.982640,1713.0,122339.0,188468.0
2025-06-18 11:28:04.328598,1713.0,121991.0,188815.0
2025-06-18 11:28:05.243819,1713.0,121991.0,188815.0
2025-06-18 11:28:05.598917,1713.0,121991.0,188815.0
2025-06-18 11:28:07.244090,1713.0,121991.0,188815.0
2025-06-18 11:28:10.484417,1713.2,121877.0,189086.0
2025-06-18 11:28:10.490947,1713.2,121877.0,189086.0
2025-06-18 11:28:11.246034,1713.3,121877.0,189086.0
2025-06-18 11:28:13.249427,1713.4,121877.0,189086.0
2025-06-18 11:28:13.935903,1713.3,121817.0,189337.0
2025-06-18 11:28:15.249232,1713.4,121817.0,189337.0
2025-06-18 11:28:17.267897,1713.2,121817.0,189337.0
2025-06-18 11:28:18.938878,1712.6,121765.0,189201.0
2025-06-18 11:28:19.247674,1712.6,121765.0,189201.0
2025-06-18 11:28:21.246098,1713.0,121765.0,189201.0
2025-06-18 11:28:23.250992,1713.2,121765.0,189201.0
2025-06-18 11:28:24.442285,1713.5,122809.0,187842.0
2025-06-18 11:28:25.251185,1713.5,122809.0,187842.0
2025-06-18 11:28:27.249001,1713.1,122809.0,187842.0
2025-06-18 11:28:29.251902,1712.4,122809.0,187842.0
2025-06-18 11:28:29.648988,1712.4,119829.0,188224.0
2025-06-18 11:28:31.247311,1713.0,119829.0,188224.0
2025-06-18 11:28:33.251771,1712.7,119829.0,188224.0
2025-06-18 11:28:34.547372,1712.7,119749.0,189845.0
2025-06-18 11:28:35.250262,1712.5,119749.0,189845.0
2025-06-18 11:28:37.249880,1713.0,119749.0,189845.0
2025-06-18 11:28:39.251247,1712.2,119749.0,189845.0
2025-06-18 11:28:39.450076,1712.2,119943.0,189566.0
2025-06-18 11:28:41.251647,1712.1,119943.0,189566.0
2025-06-18 11:28:43.256517,1711.9,119943.0,189566.0
2025-06-18 11:28:44.555203,1712.5,120591.0,189610.0
2025-06-18 11:28:45.248529,1712.1,120591.0,189610.0
2025-06-18 11:28:47.345858,1712.5,120591.0,189610.0
2025-06-18 11:28:49.248381,1712.5,120591.0,189610.0
2025-06-18 11:28:49.558888,1712.5,121304.0,188872.0
2025-06-18 11:28:51.252064,1712.0,121304.0,188872.0
2025-06-18 11:28:53.274628,1712.0,121304.0,188872.0
2025-06-18 11:28:54.464896,1712.9,121395.0,188493.0
2025-06-18 11:28:55.250348,1712.9,121395.0,188493.0
2025-06-18 11:28:57.269430,1712.5,121395.0,188493.0
2025-06-18 11:28:59.239185,1711.8,121330.0,189418.0
2025-06-18 11:28:59.249647,1711.8,121330.0,189418.0
2025-06-18 11:29:01.564481,1711.7,121167.0,189311.0
2025-06-18 11:29:02.270350,1712.4,121167.0,189311.0
2025-06-18 11:29:02.673308,1712.0,121633.0,188388.0
2025-06-18 11:29:03.248050,1712.0,121633.0,188388.0
2025-06-18 11:29:03.772727,1712.1,121965.0,188543.0
2025-06-18 11:29:04.251944,1712.5,121965.0,188543.0
2025-06-18 11:29:04.865244,1712.1,121918.0,188506.0
2025-06-18 11:29:05.273990,1712.5,121918.0,188506.0
2025-06-18 11:29:05.864821,1712.1,121838.0,188444.0
2025-06-18 11:29:06.253723,1712.1,121838.0,188444.0
2025-06-18 11:29:06.964833,1712.4,121952.0,188443.0
2025-06-18 11:29:07.243493,1712.5,121952.0,188443.0
2025-06-18 11:29:08.067612,1712.4,121943.0,188449.0
2025-06-18 11:29:08.248934,1712.5,121943.0,188449.0
2025-06-18 11:29:09.252875,1712.1,121539.0,188636.0
2025-06-18 11:29:09.271273,1712.1,121539.0,188636.0
2025-06-18 11:29:10.244819,1712.5,121539.0,188636.0
2025-06-18 11:29:10.266021,1712.5,121573.0,188811.0
2025-06-18 11:29:11.266503,1712.5,121573.0,188811.0
2025-06-18 11:29:11.271862,1712.5,123032.0,188174.0
2025-06-18 11:29:12.244749,1712.0,123032.0,188174.0
2025-06-18 11:29:12.267361,1712.0,120927.0,188574.0
2025-06-18 11:29:13.246239,1712.0,120927.0,188574.0
2025-06-18 11:29:13.269464,1712.0,120533.0,188987.0
2025-06-18 11:29:14.259767,1712.0,120533.0,188987.0
2025-06-18 11:29:14.369126,1712.0,120623.0,189389.0
2025-06-18 11:29:15.271381,1711.6,120623.0,189389.0
2025-06-18 11:29:15.374468,1711.6,120675.0,189204.0
2025-06-18 11:29:16.243983,1711.6,120675.0,189204.0
2025-06-18 11:29:16.473065,1711.6,120609.0,189375.0
2025-06-18 11:29:17.247908,1712.1,120609.0,189375.0
2025-06-18 11:29:17.571503,1712.1,122083.0,188955.0
2025-06-18 11:29:18.248175,1712.1,122083.0,188955.0
2025-06-18 11:29:18.684413,1712.7,122080.0,188668.0
2025-06-18 11:29:19.248197,1712.0,122080.0,188668.0
2025-06-18 11:29:19.776781,1712.0,121918.0,188962.0
2025-06-18 11:29:20.245511,1712.7,121918.0,188962.0
2025-06-18 11:29:20.774881,1712.7,121929.0,188866.0
2025-06-18 11:29:21.911654,1712.0,122025.0,188825.0
2025-06-18 11:29:22.248714,1712.7,122025.0,188825.0
2025-06-18 11:29:22.785286,1712.0,121839.0,188776.0
2025-06-18 11:29:23.244450,1712.0,121839.0,188776.0
2025-06-18 11:29:23.878674,1712.7,121873.0,188774.0
2025-06-18 11:29:24.250453,1712.7,121873.0,188774.0
2025-06-18 11:29:24.884101,1712.7,121902.0,188559.0
2025-06-18 11:29:25.264629,1712.0,121902.0,188559.0
2025-06-18 11:29:25.880545,1712.0,122173.0,188229.0
2025-06-18 11:29:26.244431,1712.0,122173.0,188229.0
2025-06-18 11:29:26.786109,1712.1,122408.0,188196.0
2025-06-18 11:29:27.245571,1712.8,122408.0,188196.0
2025-06-18 11:29:27.784904,1712.1,122489.0,188244.0
2025-06-18 11:29:28.755903,1712.1,122489.0,188244.0
2025-06-18 11:29:28.798338,1712.1,122154.0,187746.0
2025-06-18 11:29:29.241564,1712.1,122154.0,187746.0
2025-06-18 11:29:29.880571,1712.1,122168.0,187757.0
2025-06-18 11:29:30.245171,1712.1,122168.0,187757.0
2025-06-18 11:29:30.884703,1712.1,122556.0,188007.0
2025-06-18 11:29:31.880789,1712.4,122624.0,188144.0
2025-06-18 11:29:32.419049,1712.7,122624.0,188144.0
2025-06-18 11:29:32.884258,1712.7,122507.0,188256.0
2025-06-18 11:29:33.884791,1712.1,122177.0,188476.0
2025-06-18 11:29:34.245046,1712.1,122177.0,188476.0
2025-06-18 11:29:34.792653,1712.1,122104.0,188510.0
2025-06-18 11:29:35.248342,1712.1,122104.0,188510.0
2025-06-18 11:29:35.985690,1712.1,122073.0,188744.0
2025-06-18 11:29:36.246152,1712.1,122073.0,188744.0
2025-06-18 11:29:36.887509,1712.1,122127.0,188790.0
2025-06-18 11:29:37.243029,1712.5,122127.0,188790.0
2025-06-18 11:29:37.889515,1712.1,122114.0,188897.0
2025-06-18 11:29:38.245847,1712.1,122114.0,188897.0
2025-06-18 11:29:38.989273,1712.2,121522.0,188913.0
2025-06-18 11:29:39.245279,1712.2,121522.0,188913.0
2025-06-18 11:29:40.089987,1712.5,121470.0,188910.0
2025-06-18 11:29:40.246360,1712.5,121470.0,188910.0
2025-06-18 11:29:41.226695,1712.2,121389.0,188591.0
2025-06-18 11:29:41.254424,1712.2,121389.0,188591.0
2025-06-18 11:29:42.246764,1712.5,121389.0,188591.0
2025-06-18 11:29:42.798070,1712.5,121453.0,188658.0
2025-06-18 11:29:43.242816,1712.2,121453.0,188658.0
2025-06-18 11:29:43.891406,1712.1,121244.0,188909.0
2025-06-18 11:29:44.245515,1712.1,121244.0,188909.0
2025-06-18 11:29:44.891834,1712.3,121280.0,189601.0
2025-06-18 11:29:45.249515,1712.3,121280.0,189601.0
2025-06-18 11:29:45.990502,1712.2,121977.0,189305.0
2025-06-18 11:29:46.244980,1712.2,121977.0,189305.0
2025-06-18 11:29:47.091715,1712.2,121977.0,189310.0
2025-06-18 11:29:47.242261,1712.5,121977.0,189310.0
2025-06-18 11:29:48.093256,1712.2,121920.0,189332.0
2025-06-18 11:29:48.257276,1712.2,121920.0,189332.0
2025-06-18 11:29:49.205616,1712.2,121918.0,189373.0
2025-06-18 11:29:49.242611,1712.2,121918.0,189373.0
2025-06-18 11:29:50.249558,1712.5,121918.0,189373.0
2025-06-18 11:29:50.294742,1712.5,121937.0,189302.0
2025-06-18 11:29:51.245904,1712.3,121937.0,189302.0
2025-06-18 11:29:51.398136,1712.3,121937.0,189545.0
2025-06-18 11:29:52.245150,1712.3,121937.0,189545.0
2025-06-18 11:29:52.396612,1712.3,121834.0,189677.0
2025-06-18 11:29:53.242325,1712.0,121834.0,189677.0
2025-06-18 11:29:53.398303,1712.0,119944.0,190067.0
2025-06-18 11:29:54.248862,1711.9,119944.0,190067.0
2025-06-18 11:29:54.498429,1711.9,120065.0,190237.0
2025-06-18 11:29:55.261415,1711.0,120065.0,190237.0
2025-06-18 11:29:55.601299,1711.0,119731.0,189960.0
2025-06-18 11:29:56.246308,1711.0,119731.0,189960.0
2025-06-18 11:29:56.709961,1711.0,119695.0,189813.0
2025-06-18 11:29:57.257225,1711.5,119695.0,189813.0
2025-06-18 11:29:57.713877,1711.0,119411.0,189727.0
2025-06-18 11:29:58.292573,1711.0,119411.0,189727.0
2025-06-18 11:29:58.715007,1711.0,119036.0,190383.0
2025-06-18 11:29:59.245604,1711.0,119036.0,190383.0
2025-06-18 11:29:59.806388,1711.0,119745.0,190288.0
2025-06-18 11:30:00.245945,1711.0,119745.0,190288.0
2025-06-18 11:30:01.250883,1710.7,119745.0,190288.0
2025-06-18 11:30:04.254989,1711.0,119745.0,190288.0
2025-06-18 11:30:05.746535,1711.0,120885.0,190077.0
2025-06-18 11:30:07.256244,1711.1,120885.0,190077.0
2025-06-18 11:30:10.253404,1711.1,120885.0,190077.0
2025-06-18 11:30:11.222135,1711.0,120527.0,190032.0
2025-06-18 11:30:13.258916,1710.7,120527.0,190032.0
2025-06-18 11:30:16.256608,1710.1,120527.0,190032.0
2025-06-18 11:30:16.724523,1710.1,119136.0,189773.0
2025-06-18 11:30:19.257712,1709.6,119136.0,189773.0
2025-06-18 11:30:22.118959,1710.0,118229.0,189687.0
2025-06-18 11:30:22.251429,1710.3,118229.0,189687.0
2025-06-18 11:30:25.274027,1710.4,118229.0,189687.0
2025-06-18 11:30:27.823294,1710.4,120197.0,189541.0
2025-06-18 11:30:28.252925,1710.4,120197.0,189541.0
2025-06-18 11:30:29.255947,1710.4,120197.0,189541.0
2025-06-18 11:30:31.270867,1710.5,120197.0,189541.0
2025-06-18 11:30:32.923219,1710.9,120616.0,188727.0
2025-06-18 11:30:33.254170,1710.9,120616.0,188727.0
2025-06-18 11:30:35.270181,1711.2,120616.0,188727.0
2025-06-18 11:30:37.315518,1710.9,120616.0,188727.0
2025-06-18 11:30:38.024614,1710.9,120593.0,187825.0
2025-06-18 11:30:39.273850,1710.6,120593.0,187825.0
2025-06-18 11:30:42.258796,1711.0,120593.0,187825.0
2025-06-18 11:30:43.429900,1711.3,120854.0,187631.0
2025-06-18 11:30:44.251995,1711.2,120854.0,187631.0
2025-06-18 11:30:45.277908,1711.2,120854.0,187631.0
2025-06-18 11:30:47.290400,1711.0,120854.0,187631.0
2025-06-18 11:30:48.838323,1711.2,122777.0,185959.0
2025-06-18 11:30:49.256883,1711.2,122777.0,185959.0
2025-06-18 11:30:50.334540,1711.2,122777.0,185959.0
2025-06-18 11:30:51.425514,1711.2,122777.0,185959.0
2025-06-18 11:30:52.256675,1711.4,122777.0,185959.0
2025-06-18 11:30:52.347793,1711.4,122777.0,185959.0
2025-06-18 11:30:53.262915,1711.4,122777.0,185959.0
2025-06-18 11:30:53.291963,1711.4,122777.0,185959.0
2025-06-18 11:30:53.842559,1711.0,122842.0,186012.0
2025-06-18 11:30:54.160773,1711.0,122842.0,186012.0
2025-06-18 11:30:55.265935,1711.8,122842.0,186012.0
2025-06-18 11:30:55.976332,1711.8,122842.0,186012.0
2025-06-18 11:30:56.541380,1711.8,122842.0,186012.0
2025-06-18 11:30:57.266402,1711.8,122842.0,186012.0
2025-06-18 11:30:57.451119,1711.8,122842.0,186012.0
2025-06-18 11:30:58.714362,1711.8,122842.0,186012.0
2025-06-18 11:30:58.946031,1711.4,122700.0,186665.0
2025-06-18 11:30:59.297050,1711.7,122700.0,186665.0
2025-06-18 11:30:59.957002,1711.7,122700.0,186665.0
2025-06-18 11:31:00.816510,1711.7,122700.0,186665.0
2025-06-18 11:31:01.255921,1711.2,122700.0,186665.0
2025-06-18 11:31:01.647675,1711.2,122703.0,186681.0
2025-06-18 11:31:02.227469,1711.2,122703.0,186681.0
2025-06-18 11:31:02.292947,1711.7,122703.0,186681.0
2025-06-18 11:31:02.744662,1711.2,123129.0,186568.0
2025-06-18 11:31:03.259026,1711.2,123129.0,186568.0
2025-06-18 11:31:03.353057,1711.2,123129.0,186568.0
2025-06-18 11:31:03.848103,1711.2,123160.0,186581.0
2025-06-18 11:31:04.259442,1711.2,123160.0,186581.0
2025-06-18 11:31:04.494209,1711.2,123160.0,186581.0
2025-06-18 11:31:04.850992,1711.3,123457.0,186593.0
2025-06-18 11:31:05.256431,1711.3,123457.0,186593.0
2025-06-18 11:31:05.950791,1711.3,123804.0,186285.0
2025-06-18 11:31:05.968034,1711.3,123804.0,186285.0
2025-06-18 11:31:06.281845,1711.3,123804.0,186285.0
2025-06-18 11:31:07.047701,1711.3,123801.0,186214.0
2025-06-18 11:31:07.264565,1711.4,123801.0,186214.0
2025-06-18 11:31:08.156405,1711.3,123497.0,186146.0
2025-06-18 11:31:08.257927,1711.4,123497.0,186146.0
2025-06-18 11:31:09.250759,1711.4,123497.0,186146.0
2025-06-18 11:31:09.259528,1711.4,124232.0,186048.0
2025-06-18 11:31:10.251756,1712.0,124232.0,186048.0
2025-06-18 11:31:10.352179,1712.0,125322.0,185560.0
2025-06-18 11:31:11.259849,1711.5,125322.0,185560.0
2025-06-18 11:31:11.298733,1711.5,125024.0,185343.0
2025-06-18 11:31:12.251897,1712.3,125024.0,185343.0
2025-06-18 11:31:12.353968,1711.7,125039.0,185278.0
2025-06-18 11:31:13.263509,1712.3,125039.0,185278.0
2025-06-18 11:31:13.456412,1712.3,125339.0,185268.0
2025-06-18 11:31:14.260556,1712.7,125339.0,185268.0
2025-06-18 11:31:14.555922,1712.7,124910.0,184801.0
2025-06-18 11:31:15.257345,1712.0,124910.0,184801.0
2025-06-18 11:31:15.670257,1712.0,124815.0,184873.0
2025-06-18 11:31:16.262209,1712.6,124815.0,184873.0
2025-06-18 11:31:16.758069,1712.6,124852.0,184727.0
2025-06-18 11:31:17.261119,1712.5,124852.0,184727.0
2025-06-18 11:31:17.761834,1712.0,124819.0,184642.0
2025-06-18 11:31:18.264395,1712.0,124819.0,184642.0
2025-06-18 11:31:18.760608,1712.2,124822.0,185071.0
2025-06-18 11:31:19.266094,1712.2,124822.0,185071.0
2025-06-18 11:31:19.761706,1712.2,124167.0,185290.0
2025-06-18 11:31:20.262698,1712.2,124167.0,185290.0
2025-06-18 11:31:20.763179,1712.2,123944.0,185397.0
2025-06-18 11:31:21.667212,1712.2,124042.0,185468.0
2025-06-18 11:31:22.251769,1712.5,124042.0,185468.0
2025-06-18 11:31:22.764382,1712.2,124690.0,185236.0
