timestamp,ltp,bid_qty,ask_qty
2025-06-18 11:01:36.662506,643.5,240474.0,374340.0
2025-06-18 11:01:37.237168,643.5,240479.0,374341.0
2025-06-18 11:01:38.130302,643.5,240479.0,374341.0
2025-06-18 11:01:38.338073,643.5,240479.0,374373.0
2025-06-18 11:01:39.989862,643.5,240436.0,374312.0
2025-06-18 11:01:40.948432,643.5,240436.0,374354.0
2025-06-18 11:01:42.039544,643.3,240483.0,374350.0
2025-06-18 11:01:42.135880,643.3,240483.0,374350.0
2025-06-18 11:01:43.143705,643.3,240483.0,374350.0
2025-06-18 11:01:44.243664,643.3,240497.0,374413.0
2025-06-18 11:01:45.133006,643.35,240497.0,374413.0
2025-06-18 11:01:45.344645,643.35,240457.0,374498.0
2025-06-18 11:01:46.343850,643.35,241831.0,371654.0
2025-06-18 11:01:47.455350,643.5,240761.0,369427.0
2025-06-18 11:01:48.136109,643.5,240761.0,369427.0
2025-06-18 11:01:48.545819,643.5,241125.0,369559.0
2025-06-18 11:01:49.456700,643.5,240717.0,371522.0
2025-06-18 11:01:50.457331,643.5,242055.0,371471.0
2025-06-18 11:01:51.456514,643.5,242089.0,371623.0
2025-06-18 11:01:52.133847,643.85,242089.0,371623.0
2025-06-18 11:01:52.455967,643.85,242044.0,371369.0
2025-06-18 11:01:53.548978,643.85,241792.0,371203.0
2025-06-18 11:01:54.550406,643.85,241949.0,371501.0
2025-06-18 11:01:55.550780,643.85,241950.0,371298.0
2025-06-18 11:01:56.659100,643.45,241986.0,371285.0
2025-06-18 11:01:57.143805,643.45,241986.0,371285.0
2025-06-18 11:01:57.752165,643.5,242349.0,371009.0
2025-06-18 11:01:58.134273,643.5,242349.0,371009.0
2025-06-18 11:01:58.751826,643.5,242233.0,371216.0
2025-06-18 11:01:59.133058,643.5,242233.0,371216.0
2025-06-18 11:01:59.752502,643.5,242049.0,371462.0
2025-06-18 11:02:00.135950,643.5,242049.0,371462.0
2025-06-18 11:02:00.852835,643.5,241900.0,371446.0
2025-06-18 11:02:01.148918,643.5,241900.0,371446.0
2025-06-18 11:02:01.853272,643.5,241916.0,371622.0
2025-06-18 11:02:02.137679,643.5,241916.0,371622.0
2025-06-18 11:02:02.856181,643.5,241951.0,371673.0
2025-06-18 11:02:03.141070,643.5,241951.0,371673.0
2025-06-18 11:02:05.163228,643.5,241946.0,371673.0
2025-06-18 11:02:05.165291,643.5,241946.0,371673.0
2025-06-18 11:02:05.202396,643.85,241881.0,371400.0
2025-06-18 11:02:05.205070,643.85,241881.0,371400.0
2025-06-18 11:02:06.058867,643.5,242378.0,370986.0
2025-06-18 11:02:06.142413,643.5,242378.0,370986.0
2025-06-18 11:02:07.058716,643.55,242370.0,371123.0
2025-06-18 11:02:07.141655,643.55,242370.0,371123.0
2025-06-18 11:02:07.970495,643.9,242332.0,371092.0
2025-06-18 11:02:08.139779,643.9,242332.0,371092.0
2025-06-18 11:02:09.061960,643.9,241874.0,371250.0
2025-06-18 11:02:10.173037,643.9,242170.0,371314.0
2025-06-18 11:02:11.142026,643.55,242170.0,371314.0
2025-06-18 11:02:11.263966,643.55,242158.0,371715.0
2025-06-18 11:02:12.140295,643.4,242158.0,371715.0
2025-06-18 11:02:12.363572,643.4,243365.0,371432.0
2025-06-18 11:02:13.144982,643.5,243365.0,371432.0
2025-06-18 11:02:13.266075,643.5,242832.0,372739.0
2025-06-18 11:02:14.141095,643.5,242832.0,372739.0
2025-06-18 11:02:14.265219,643.5,243073.0,372927.0
2025-06-18 11:02:15.167103,643.5,243073.0,372927.0
2025-06-18 11:02:15.366633,643.5,243050.0,372931.0
2025-06-18 11:02:16.186895,643.5,243050.0,372931.0
2025-06-18 11:02:16.567889,643.5,243041.0,372927.0
2025-06-18 11:02:17.569731,643.5,243041.0,372927.0
2025-06-18 11:02:18.138995,643.5,243041.0,372927.0
2025-06-18 11:02:18.670421,643.5,242998.0,372870.0
2025-06-18 11:02:19.136185,643.5,242998.0,372870.0
2025-06-18 11:02:19.767898,643.5,242893.0,372895.0
2025-06-18 11:02:20.867487,643.15,237535.0,380069.0
2025-06-18 11:02:21.137874,643.1,237535.0,380069.0
2025-06-18 11:02:21.981311,643.2,236372.0,380111.0
2025-06-18 11:02:22.142567,643.2,236372.0,380111.0
2025-06-18 11:02:22.995925,643.2,236386.0,380256.0
2025-06-18 11:02:23.141585,643.2,236386.0,380256.0
2025-06-18 11:02:23.986293,643.2,236666.0,378644.0
2025-06-18 11:02:24.159049,643.2,236666.0,378644.0
2025-06-18 11:02:25.073616,643.25,236612.0,379715.0
2025-06-18 11:02:25.139639,643.25,236612.0,379715.0
2025-06-18 11:02:26.075787,643.25,236475.0,379894.0
2025-06-18 11:02:27.145233,643.15,236475.0,379894.0
2025-06-18 11:02:27.183484,643.15,236665.0,380328.0
2025-06-18 11:02:28.140403,643.2,236665.0,380328.0
2025-06-18 11:02:28.275955,643.2,236691.0,380220.0
2025-06-18 11:02:29.276851,643.2,236683.0,380287.0
2025-06-18 11:02:30.153181,643.0,236683.0,380287.0
2025-06-18 11:02:30.485875,643.0,236568.0,380252.0
2025-06-18 11:02:31.138845,642.95,236568.0,380252.0
2025-06-18 11:02:32.073891,643.0,236180.0,378283.0
2025-06-18 11:02:32.143981,643.0,236180.0,378283.0
2025-06-18 11:02:33.144279,642.9,236180.0,378283.0
2025-06-18 11:02:33.185269,642.9,236065.0,378468.0
2025-06-18 11:02:34.184468,642.9,236083.0,379980.0
2025-06-18 11:02:35.150156,643.0,236083.0,379980.0
2025-06-18 11:02:35.378873,643.0,235819.0,380207.0
2025-06-18 11:02:36.379490,643.0,235863.0,380188.0
2025-06-18 11:02:37.378917,643.0,235863.0,378871.0
2025-06-18 11:02:38.143044,642.85,235863.0,378871.0
2025-06-18 11:02:38.517267,642.85,234610.0,378669.0
2025-06-18 11:02:39.490241,642.85,234644.0,378713.0
2025-06-18 11:02:40.681546,643.0,234645.0,378658.0
2025-06-18 11:02:41.139280,643.0,234645.0,378658.0
2025-06-18 11:02:41.783446,643.0,234659.0,378628.0
2025-06-18 11:02:42.144202,643.0,234659.0,378628.0
2025-06-18 11:02:42.785458,643.0,234659.0,378582.0
2025-06-18 11:02:43.146824,643.0,234659.0,378582.0
2025-06-18 11:02:43.884425,643.0,234618.0,378593.0
2025-06-18 11:02:44.148477,643.0,234618.0,378593.0
2025-06-18 11:02:44.885662,643.0,234657.0,378628.0
2025-06-18 11:02:45.144266,643.0,234657.0,378628.0
2025-06-18 11:02:45.886058,643.0,234341.0,378685.0
2025-06-18 11:02:46.148044,642.85,234341.0,378685.0
2025-06-18 11:02:46.891699,643.0,234433.0,378810.0
2025-06-18 11:02:47.150584,643.0,234433.0,378810.0
2025-06-18 11:02:47.886040,643.0,234306.0,378779.0
2025-06-18 11:02:48.144887,643.0,234306.0,378779.0
2025-06-18 11:02:48.887751,643.0,234684.0,378730.0
2025-06-18 11:02:49.146933,643.0,234684.0,378730.0
2025-06-18 11:02:49.789330,643.0,234698.0,378660.0
2025-06-18 11:02:50.143507,643.0,234698.0,378660.0
2025-06-18 11:02:50.887977,643.0,234665.0,378696.0
2025-06-18 11:02:51.887875,643.0,234665.0,378712.0
2025-06-18 11:02:52.889671,643.0,241441.0,385447.0
2025-06-18 11:02:53.145067,643.0,241441.0,385447.0
2025-06-18 11:02:53.890070,643.0,241444.0,385449.0
2025-06-18 11:02:54.890516,643.0,241445.0,385397.0
2025-06-18 11:02:55.792318,643.0,241444.0,385397.0
2025-06-18 11:02:56.145951,643.0,241444.0,385397.0
2025-06-18 11:02:56.793057,642.8,241582.0,385441.0
2025-06-18 11:02:57.148070,642.8,241582.0,385441.0
2025-06-18 11:02:57.794310,642.8,241598.0,385462.0
2025-06-18 11:02:58.798402,642.8,241596.0,385351.0
2025-06-18 11:02:59.896509,642.8,241597.0,385373.0
2025-06-18 11:03:00.800665,643.0,241791.0,384550.0
2025-06-18 11:03:01.148899,643.0,241791.0,384550.0
2025-06-18 11:03:01.899691,643.0,241860.0,384580.0
2025-06-18 11:03:02.900117,643.0,241850.0,385955.0
2025-06-18 11:03:03.900535,643.0,241912.0,385955.0
2025-06-18 11:03:04.801258,643.0,241777.0,385892.0
2025-06-18 11:03:05.143293,643.0,241777.0,385892.0
2025-06-18 11:03:05.799981,643.0,242347.0,385353.0
2025-06-18 11:03:06.143814,643.0,242347.0,385353.0
2025-06-18 11:03:06.810950,643.0,242323.0,385476.0
2025-06-18 11:03:07.799170,643.0,242295.0,385484.0
2025-06-18 11:03:08.146332,643.0,242295.0,385484.0
2025-06-18 11:03:08.899348,643.0,242409.0,384538.0
2025-06-18 11:03:09.999148,643.0,242351.0,384534.0
2025-06-18 11:03:11.146881,643.0,242351.0,384534.0
2025-06-18 11:03:11.800725,642.85,241686.0,384796.0
2025-06-18 11:03:12.143318,642.85,241686.0,384796.0
2025-06-18 11:03:12.804227,643.0,241724.0,384898.0
2025-06-18 11:03:13.143598,643.0,241724.0,384898.0
2025-06-18 11:03:13.904864,643.0,241713.0,385131.0
2025-06-18 11:03:14.150534,643.0,241713.0,385131.0
2025-06-18 11:03:15.002659,643.0,241728.0,385101.0
2025-06-18 11:03:16.008030,643.0,241680.0,385080.0
2025-06-18 11:03:17.107593,643.0,241664.0,385125.0
2025-06-18 11:03:18.146204,642.85,241664.0,385125.0
2025-06-18 11:03:18.206563,642.85,241837.0,385120.0
2025-06-18 11:03:19.147765,643.0,241837.0,385120.0
2025-06-18 11:03:19.306081,643.0,241837.0,385124.0
2025-06-18 11:03:20.407862,643.0,241892.0,385131.0
2025-06-18 11:03:21.204590,643.0,241892.0,385131.0
2025-06-18 11:03:21.403627,643.0,241895.0,385081.0
2025-06-18 11:03:22.168571,643.0,241895.0,385081.0
2025-06-18 11:03:22.408129,643.0,241858.0,386073.0
2025-06-18 11:03:23.149886,643.0,241858.0,386073.0
2025-06-18 11:03:23.506431,643.0,242131.0,385159.0
2025-06-18 11:03:24.150870,643.0,242131.0,385159.0
2025-06-18 11:03:24.607033,643.0,242131.0,385088.0
2025-06-18 11:03:25.709340,643.0,242133.0,385096.0
2025-06-18 11:03:26.149733,643.0,242133.0,385096.0
2025-06-18 11:03:26.809276,643.0,241893.0,386081.0
2025-06-18 11:03:27.146723,643.0,241893.0,386081.0
2025-06-18 11:03:27.907912,643.0,244380.0,381005.0
2025-06-18 11:03:28.149201,643.0,244380.0,381005.0
2025-06-18 11:03:28.811239,643.0,243666.0,383803.0
2025-06-18 11:03:29.912550,643.0,243544.0,384055.0
2025-06-18 11:03:31.014326,643.35,243445.0,383748.0
2025-06-18 11:03:31.152661,643.35,243445.0,383748.0
2025-06-18 11:03:32.115764,643.35,242673.0,384875.0
2025-06-18 11:03:33.215192,643.35,242676.0,384873.0
2025-06-18 11:03:34.154103,643.15,242676.0,384873.0
2025-06-18 11:03:34.315120,643.15,242977.0,383030.0
2025-06-18 11:03:35.149298,643.4,242977.0,383030.0
2025-06-18 11:03:35.414805,643.4,243091.0,384326.0
2025-06-18 11:03:36.416578,643.4,243092.0,384385.0
2025-06-18 11:03:37.150283,643.35,243092.0,384385.0
2025-06-18 11:03:37.414831,643.35,243064.0,384329.0
2025-06-18 11:03:38.151612,643.35,243064.0,384329.0
2025-06-18 11:03:38.520143,643.35,243049.0,384329.0
2025-06-18 11:03:39.618989,643.35,243082.0,384166.0
2025-06-18 11:03:40.719318,643.35,243122.0,384372.0
2025-06-18 11:03:41.869754,643.15,242896.0,384605.0
2025-06-18 11:03:42.156301,643.15,242896.0,384605.0
2025-06-18 11:03:42.817446,643.15,242965.0,384792.0
2025-06-18 11:03:43.820162,643.15,242963.0,384792.0
2025-06-18 11:03:44.918210,643.15,241528.0,384405.0
2025-06-18 11:03:45.167234,643.15,241528.0,384405.0
2025-06-18 11:03:46.021234,643.15,241528.0,384405.0
2025-06-18 11:03:46.061347,643.2,242446.0,384906.0
2025-06-18 11:03:46.169005,643.2,242446.0,384906.0
2025-06-18 11:03:47.070777,643.2,242446.0,384906.0
2025-06-18 11:03:47.125759,643.1,242567.0,386463.0
2025-06-18 11:03:47.173432,643.25,242567.0,386463.0
2025-06-18 11:03:47.988059,643.25,242567.0,386463.0
2025-06-18 11:03:48.021426,643.25,242463.0,384911.0
2025-06-18 11:03:48.162656,643.25,242463.0,384911.0
2025-06-18 11:03:48.887189,643.25,242463.0,384911.0
2025-06-18 11:03:49.133965,643.3,243039.0,384642.0
2025-06-18 11:03:49.159779,643.3,243039.0,384642.0
2025-06-18 11:03:49.743980,643.3,243039.0,384642.0
2025-06-18 11:03:50.222699,643.3,243123.0,384623.0
2025-06-18 11:03:50.550464,643.3,243123.0,384623.0
2025-06-18 11:03:51.167524,643.35,243123.0,384623.0
2025-06-18 11:03:51.224288,643.35,243072.0,384299.0
2025-06-18 11:03:51.585763,643.35,243072.0,384299.0
2025-06-18 11:03:52.193682,643.25,243072.0,384299.0
2025-06-18 11:03:52.196416,643.25,243072.0,384299.0
2025-06-18 11:03:52.232327,643.25,243129.0,384416.0
2025-06-18 11:03:52.566421,643.25,243129.0,384416.0
2025-06-18 11:03:53.065227,643.25,243129.0,384416.0
2025-06-18 11:03:53.327480,643.25,243134.0,384416.0
2025-06-18 11:03:53.437170,643.25,243134.0,384416.0
2025-06-18 11:03:54.184071,643.25,243134.0,384416.0
2025-06-18 11:03:54.424938,643.25,243143.0,384424.0
2025-06-18 11:03:54.447590,643.25,243143.0,384424.0
2025-06-18 11:03:55.325676,643.25,242990.0,384443.0
2025-06-18 11:03:55.718579,643.25,242990.0,384443.0
2025-06-18 11:03:56.162576,643.25,242990.0,384443.0
2025-06-18 11:03:56.328294,643.1,242993.0,384522.0
2025-06-18 11:03:56.579129,643.1,242993.0,384522.0
2025-06-18 11:04:00.410603,643.05,242993.0,384522.0
2025-06-18 11:04:00.456839,643.1,243045.0,385101.0
2025-06-18 11:04:00.462708,643.1,243045.0,385101.0
2025-06-18 11:04:00.466120,643.1,243045.0,385101.0
2025-06-18 11:04:00.509385,643.1,243095.0,384994.0
2025-06-18 11:04:00.512626,643.1,243095.0,384994.0
2025-06-18 11:04:00.514224,643.1,243095.0,384994.0
2025-06-18 11:04:00.546874,643.1,243111.0,385018.0
2025-06-18 11:04:00.548743,643.1,243111.0,385018.0
2025-06-18 11:04:00.550798,643.1,243111.0,385018.0
2025-06-18 11:04:00.583624,643.1,243160.0,384778.0
2025-06-18 11:04:01.185818,643.1,243160.0,384778.0
2025-06-18 11:04:01.916392,643.1,243160.0,384778.0
2025-06-18 11:04:03.216114,643.1,243160.0,384778.0
2025-06-18 11:04:05.204068,643.1,243160.0,384778.0
2025-06-18 11:04:05.334896,643.1,242528.0,385035.0
2025-06-18 11:04:07.201879,643.1,242528.0,385035.0
2025-06-18 11:04:09.159174,643.1,242528.0,385035.0
2025-06-18 11:04:10.438414,643.1,242483.0,385047.0
2025-06-18 11:04:11.163415,643.1,242483.0,385047.0
2025-06-18 11:04:13.159685,643.05,242483.0,385047.0
2025-06-18 11:04:15.159614,643.1,242483.0,385047.0
2025-06-18 11:04:15.442215,643.1,242700.0,384873.0
2025-06-18 11:04:17.159952,643.1,242700.0,384873.0
2025-06-18 11:04:20.960039,643.1,242890.0,385023.0
2025-06-18 11:04:23.163396,643.1,242890.0,385023.0
2025-06-18 11:04:26.169794,642.85,242540.0,385243.0
2025-06-18 11:04:27.162250,642.85,242540.0,385243.0
2025-06-18 11:04:29.158807,643.1,242540.0,385243.0
2025-06-18 11:04:31.261906,643.1,242572.0,385418.0
2025-06-18 11:04:33.170481,643.1,242572.0,385418.0
2025-06-18 11:04:35.167575,643.25,242572.0,385418.0
2025-06-18 11:04:36.067832,643.25,244090.0,384396.0
2025-06-18 11:04:37.177562,643.25,244090.0,384396.0
2025-06-18 11:04:39.165428,643.25,244090.0,384396.0
2025-06-18 11:04:40.982184,643.25,243467.0,382115.0
2025-06-18 11:04:41.155983,643.25,243467.0,382115.0
2025-06-18 11:04:43.176341,643.05,243467.0,382115.0
2025-06-18 11:04:45.199073,643.25,243467.0,382115.0
2025-06-18 11:04:46.070617,643.25,243331.0,383760.0
2025-06-18 11:04:47.173306,643.25,243331.0,383760.0
2025-06-18 11:04:49.162514,643.25,243331.0,383760.0
2025-06-18 11:04:50.873469,643.25,243293.0,383805.0
2025-06-18 11:04:52.177974,643.25,243293.0,383805.0
2025-06-18 11:04:53.159950,643.25,243293.0,383805.0
2025-06-18 11:04:55.680926,643.25,243256.0,383785.0
2025-06-18 11:04:57.214037,643.05,243256.0,383785.0
2025-06-18 11:05:00.576444,643.05,243285.0,383852.0
2025-06-18 11:05:05.177077,643.25,244769.0,383638.0
2025-06-18 11:05:05.208006,643.25,244769.0,383638.0
2025-06-18 11:05:07.392806,643.25,244769.0,383638.0
2025-06-18 11:05:09.208256,643.05,244769.0,383638.0
2025-06-18 11:05:09.992188,643.05,245855.0,383694.0
2025-06-18 11:05:11.164590,643.05,245855.0,383694.0
2025-06-18 11:05:13.164837,643.0,245855.0,383694.0
2025-06-18 11:05:15.586067,643.0,245569.0,383789.0
2025-06-18 11:05:17.179712,643.05,245569.0,383789.0
2025-06-18 11:05:20.893763,643.05,245286.0,383753.0
2025-06-18 11:05:23.205463,643.3,245286.0,383753.0
2025-06-18 11:05:25.792088,643.3,245472.0,383813.0
2025-06-18 11:05:27.182279,643.05,245472.0,383813.0
2025-06-18 11:05:29.174598,643.3,245472.0,383813.0
2025-06-18 11:05:30.594149,643.3,245223.0,383975.0
2025-06-18 11:05:35.212724,643.25,245223.0,383975.0
2025-06-18 11:05:35.897948,643.25,245509.0,382107.0
2025-06-18 11:05:39.280615,643.25,245509.0,382107.0
2025-06-18 11:05:41.168456,643.0,245509.0,382107.0
2025-06-18 11:05:41.410696,643.0,245302.0,384515.0
2025-06-18 11:05:43.176188,643.0,245302.0,384515.0
2025-06-18 11:05:45.165080,642.95,245302.0,384515.0
2025-06-18 11:05:46.203998,642.9,244506.0,384886.0
2025-06-18 11:05:47.193741,642.9,244506.0,384886.0
2025-06-18 11:05:49.182806,642.85,244506.0,384886.0
2025-06-18 11:05:51.306902,642.85,243095.0,386121.0
2025-06-18 11:05:53.166856,643.0,243095.0,386121.0
2025-06-18 11:05:56.611461,642.8,242702.0,386181.0
2025-06-18 11:05:57.194136,642.8,242702.0,386181.0
2025-06-18 11:05:59.171070,642.8,242702.0,386181.0
2025-06-18 11:06:01.214904,642.8,242739.0,386151.0
2025-06-18 11:06:05.163519,643.0,242739.0,386151.0
2025-06-18 11:06:06.022120,643.0,242893.0,386207.0
2025-06-18 11:06:07.170905,643.0,242893.0,386207.0
2025-06-18 11:06:09.173065,642.8,242893.0,386207.0
2025-06-18 11:06:11.021531,642.8,241424.0,386776.0
2025-06-18 11:06:11.212297,642.75,241424.0,386776.0
2025-06-18 11:06:13.192879,642.75,241424.0,386776.0
2025-06-18 11:06:15.193507,642.75,241424.0,386776.0
2025-06-18 11:06:16.026079,642.75,247668.0,387664.0
2025-06-18 11:06:19.166651,642.75,247668.0,387664.0
2025-06-18 11:06:21.025783,642.75,247870.0,387690.0
2025-06-18 11:06:22.161057,642.75,247870.0,387690.0
2025-06-18 11:06:23.175098,642.75,247870.0,387690.0
2025-06-18 11:06:25.179361,642.75,247870.0,387690.0
2025-06-18 11:06:26.032752,642.75,247536.0,387590.0
2025-06-18 11:06:27.171522,642.75,247536.0,387590.0
2025-06-18 11:06:29.176706,642.75,247536.0,387590.0
2025-06-18 11:06:30.735579,642.6,247907.0,387670.0
2025-06-18 11:06:31.195878,642.6,247907.0,387670.0
2025-06-18 11:06:35.189713,642.7,247907.0,387670.0
2025-06-18 11:06:35.437113,642.7,236886.0,389816.0
2025-06-18 11:06:37.168664,642.55,236886.0,389816.0
2025-06-18 11:06:39.173414,642.7,236886.0,389816.0
2025-06-18 11:06:40.438103,642.5,236996.0,389616.0
2025-06-18 11:06:41.168194,642.5,236996.0,389616.0
2025-06-18 11:06:45.444316,642.5,236967.0,389567.0
2025-06-18 11:06:46.722457,642.5,236967.0,389567.0
2025-06-18 11:06:47.179774,642.5,236967.0,389567.0
2025-06-18 11:06:47.610565,642.5,236967.0,389567.0
2025-06-18 11:06:48.547798,642.5,236967.0,389567.0
2025-06-18 11:06:49.763994,642.5,236967.0,389567.0
2025-06-18 11:06:50.280025,642.5,236967.0,389567.0
2025-06-18 11:06:50.442107,642.5,236971.0,389517.0
2025-06-18 11:06:51.050357,642.5,236971.0,389517.0
2025-06-18 11:06:52.034674,642.5,236971.0,389517.0
2025-06-18 11:06:53.168727,642.7,236971.0,389517.0
2025-06-18 11:06:53.512800,642.7,236971.0,389517.0
2025-06-18 11:06:54.753138,642.7,236971.0,389517.0
2025-06-18 11:06:55.174325,642.65,236971.0,389517.0
2025-06-18 11:06:55.346801,642.65,237186.0,389455.0
2025-06-18 11:06:56.237301,642.65,237186.0,389455.0
2025-06-18 11:06:57.100559,642.65,237186.0,389455.0
2025-06-18 11:06:57.165235,642.7,237186.0,389455.0
2025-06-18 11:06:58.514482,642.7,237186.0,389455.0
2025-06-18 11:06:59.663989,642.7,237186.0,389455.0
2025-06-18 11:07:00.247318,642.7,237603.0,389496.0
2025-06-18 11:07:00.820168,642.7,237603.0,389496.0
2025-06-18 11:07:02.280728,642.7,237603.0,389496.0
2025-06-18 11:07:03.190516,642.5,237603.0,389496.0
2025-06-18 11:07:05.116286,642.65,237989.0,389055.0
2025-06-18 11:07:05.177668,642.65,237989.0,389055.0
2025-06-18 11:07:10.486328,642.75,237989.0,389055.0
2025-06-18 11:07:10.581289,642.75,237762.0,390260.0
2025-06-18 11:07:11.167083,642.5,237762.0,390260.0
2025-06-18 11:07:14.164126,642.7,237762.0,390260.0
2025-06-18 11:07:16.178772,642.7,237717.0,389710.0
2025-06-18 11:07:20.165726,642.75,237717.0,389710.0
2025-06-18 11:07:21.360296,642.75,238831.0,387496.0
2025-06-18 11:07:23.169528,642.75,238831.0,387496.0
2025-06-18 11:07:26.223393,642.5,238831.0,387496.0
2025-06-18 11:07:26.361820,642.5,238746.0,387927.0
2025-06-18 11:07:29.181694,642.75,238746.0,387927.0
2025-06-18 11:07:31.262790,642.75,238903.0,387765.0
2025-06-18 11:07:35.165931,642.75,238903.0,387765.0
2025-06-18 11:07:36.169064,642.45,237861.0,389557.0
2025-06-18 11:07:37.176348,642.7,237861.0,389557.0
2025-06-18 11:07:39.210757,642.75,237861.0,389557.0
2025-06-18 11:07:41.175120,642.45,237861.0,389557.0
2025-06-18 11:07:41.269908,642.45,239104.0,389581.0
2025-06-18 11:07:45.178988,642.7,239104.0,389581.0
2025-06-18 11:07:46.683728,642.7,240016.0,388356.0
2025-06-18 11:07:50.173730,642.5,240016.0,388356.0
2025-06-18 11:07:51.695682,642.5,240015.0,388434.0
2025-06-18 11:07:53.173082,642.5,240015.0,388434.0
2025-06-18 11:07:56.181980,642.5,240015.0,388434.0
2025-06-18 11:07:56.688884,642.5,239674.0,388754.0
2025-06-18 11:07:59.171884,642.5,239674.0,388754.0
2025-06-18 11:08:01.877477,642.5,239677.0,388370.0
2025-06-18 11:08:03.377574,642.5,239638.0,388370.0
2025-06-18 11:08:04.517737,642.5,239661.0,388365.0
2025-06-18 11:08:05.184907,642.75,239661.0,388365.0
2025-06-18 11:08:05.491885,642.75,239693.0,388231.0
2025-06-18 11:08:06.175292,642.5,239693.0,388231.0
2025-06-18 11:08:06.714784,642.5,239692.0,388230.0
2025-06-18 11:08:07.684981,642.75,239783.0,388218.0
2025-06-18 11:08:08.181266,642.75,239783.0,388218.0
2025-06-18 11:08:08.785087,642.75,239749.0,388227.0
2025-06-18 11:08:09.884800,642.75,239847.0,388075.0
2025-06-18 11:08:10.887515,642.75,239745.0,388132.0
2025-06-18 11:08:11.176520,642.5,239745.0,388132.0
2025-06-18 11:08:12.250645,642.5,239692.0,388170.0
2025-06-18 11:08:12.887023,642.5,239656.0,388170.0
2025-06-18 11:08:13.887189,642.5,239795.0,388135.0
2025-06-18 11:08:15.171551,642.5,240021.0,387138.0
2025-06-18 11:08:15.792310,642.5,240518.0,386959.0
2025-06-18 11:08:20.485405,642.5,240530.0,388321.0
2025-06-18 11:08:20.499293,642.5,240463.0,388416.0
2025-06-18 11:08:20.530517,642.5,240463.0,388416.0
2025-06-18 11:08:20.533985,642.5,240668.0,388357.0
2025-06-18 11:08:20.593959,642.5,240760.0,388402.0
2025-06-18 11:08:21.694523,642.5,240805.0,386645.0
2025-06-18 11:08:22.171220,642.75,240805.0,386645.0
2025-06-18 11:08:22.794957,642.75,241765.0,387344.0
2025-06-18 11:08:24.078683,642.75,241693.0,387514.0
2025-06-18 11:08:25.007026,642.75,241676.0,387775.0
2025-06-18 11:08:26.097288,642.75,242587.0,385268.0
2025-06-18 11:08:26.168873,642.6,242587.0,385268.0
2025-06-18 11:08:27.099811,642.6,241171.0,386593.0
2025-06-18 11:08:28.099799,642.6,241182.0,386593.0
2025-06-18 11:08:29.098853,642.75,241149.0,386545.0
2025-06-18 11:08:29.170259,642.75,241149.0,386545.0
2025-06-18 11:08:30.101329,642.75,241131.0,386544.0
2025-06-18 11:08:31.022790,642.75,241172.0,386545.0
2025-06-18 11:08:32.013344,642.75,241452.0,386546.0
2025-06-18 11:08:33.104286,642.75,241509.0,386652.0
2025-06-18 11:08:34.173204,642.75,241509.0,386652.0
2025-06-18 11:08:34.204681,642.75,241944.0,385996.0
2025-06-18 11:08:35.166549,642.75,241944.0,385996.0
2025-06-18 11:08:35.304807,642.75,241945.0,386075.0
2025-06-18 11:08:36.170098,642.75,241945.0,386075.0
2025-06-18 11:08:36.305342,642.75,241761.0,386030.0
2025-06-18 11:08:37.306735,642.75,241807.0,386076.0
2025-06-18 11:08:38.174791,642.75,241807.0,386076.0
2025-06-18 11:08:38.307535,642.75,241807.0,386084.0
2025-06-18 11:08:39.306314,642.75,241796.0,386117.0
2025-06-18 11:08:40.308038,642.75,241739.0,386200.0
2025-06-18 11:08:41.178793,642.6,241739.0,386200.0
2025-06-18 11:08:41.407527,642.6,241150.0,386280.0
2025-06-18 11:08:42.518107,642.6,241075.0,386399.0
2025-06-18 11:08:43.520796,642.6,241142.0,386414.0
2025-06-18 11:08:44.609546,642.6,241142.0,386414.0
2025-06-18 11:08:45.609416,642.6,241142.0,386397.0
2025-06-18 11:08:46.708372,642.6,241129.0,386378.0
2025-06-18 11:08:47.808583,642.6,241151.0,386523.0
2025-06-18 11:08:48.808865,642.6,241095.0,386477.0
2025-06-18 11:08:49.175080,642.6,241095.0,386477.0
2025-06-18 11:08:49.813156,642.6,241132.0,386522.0
2025-06-18 11:08:50.813242,642.6,241119.0,386566.0
2025-06-18 11:08:51.911656,642.6,241025.0,386527.0
2025-06-18 11:08:53.021586,642.75,241392.0,386596.0
2025-06-18 11:08:53.175383,642.75,241392.0,386596.0
2025-06-18 11:08:54.022488,642.6,241146.0,386643.0
2025-06-18 11:08:54.176052,642.6,241146.0,386643.0
2025-06-18 11:08:55.021666,642.6,241011.0,386680.0
2025-06-18 11:08:56.176255,642.6,241011.0,386680.0
2025-06-18 11:08:56.524395,642.6,240954.0,386681.0
2025-06-18 11:08:57.414896,642.6,240987.0,386682.0
2025-06-18 11:08:58.521425,642.6,240943.0,386681.0
2025-06-18 11:08:59.525563,642.6,240998.0,386550.0
2025-06-18 11:09:00.714399,642.6,240998.0,386586.0
2025-06-18 11:09:04.919211,642.75,240993.0,386487.0
2025-06-18 11:09:06.178376,642.75,240993.0,386487.0
2025-06-18 11:09:08.179764,642.75,240993.0,386487.0
2025-06-18 11:09:10.131688,642.6,241251.0,386201.0
2025-06-18 11:09:10.182579,642.6,241251.0,386201.0
2025-06-18 11:09:14.306498,643.25,241251.0,386201.0
2025-06-18 11:09:15.928712,643.25,251495.0,382864.0
2025-06-18 11:09:21.531454,643.25,251619.0,382955.0
2025-06-18 11:09:24.178270,643.3,251619.0,382955.0
2025-06-18 11:09:26.184460,643.05,251619.0,382955.0
2025-06-18 11:09:26.829772,643.05,251283.0,384129.0
2025-06-18 11:09:32.035064,643.05,252376.0,381566.0
2025-06-18 11:09:32.219638,643.2,252376.0,381566.0
2025-06-18 11:09:36.178561,643.2,252376.0,381566.0
2025-06-18 11:09:37.339617,643.2,253086.0,383221.0
2025-06-18 11:09:38.223929,643.2,253086.0,383221.0
2025-06-18 11:09:40.175885,643.2,253086.0,383221.0
2025-06-18 11:09:42.186506,643.05,253086.0,383221.0
2025-06-18 11:09:42.740761,643.05,253278.0,383192.0
2025-06-18 11:09:44.210383,643.2,253278.0,383192.0
2025-06-18 11:09:46.256697,643.5,253278.0,383192.0
2025-06-18 11:09:47.188333,643.5,253278.0,383192.0
2025-06-18 11:09:47.942783,643.25,246172.0,381526.0
2025-06-18 11:09:48.190895,643.25,246172.0,381526.0
2025-06-18 11:09:48.209071,643.25,246172.0,381526.0
2025-06-18 11:09:49.097797,643.25,246172.0,381526.0
2025-06-18 11:09:50.019476,643.25,246172.0,381526.0
2025-06-18 11:09:51.634031,643.25,246172.0,381526.0
2025-06-18 11:09:52.198578,643.5,246172.0,381526.0
2025-06-18 11:09:52.633190,643.5,246172.0,381526.0
2025-06-18 11:09:53.208242,643.5,246172.0,381526.0
2025-06-18 11:09:53.450340,643.5,248317.0,381081.0
2025-06-18 11:09:53.594422,643.5,248317.0,381081.0
2025-06-18 11:09:54.087064,643.5,248317.0,381081.0
2025-06-18 11:09:55.372360,643.5,248317.0,381081.0
2025-06-18 11:09:56.179060,643.25,248317.0,381081.0
2025-06-18 11:09:56.581482,643.25,248317.0,381081.0
2025-06-18 11:09:57.560318,643.25,248317.0,381081.0
2025-06-18 11:09:58.183786,643.25,248317.0,381081.0
2025-06-18 11:09:58.545547,643.25,247893.0,381738.0
2025-06-18 11:09:58.970122,643.25,247893.0,381738.0
2025-06-18 11:10:00.116873,643.25,247893.0,381738.0
2025-06-18 11:10:01.243717,643.25,247893.0,381738.0
2025-06-18 11:10:02.713375,643.25,247893.0,381738.0
2025-06-18 11:10:03.662149,643.25,248029.0,381472.0
2025-06-18 11:10:06.180963,643.5,248029.0,381472.0
2025-06-18 11:10:09.501501,643.5,248029.0,381472.0
2025-06-18 11:10:09.507198,643.5,248271.0,381371.0
2025-06-18 11:10:12.180082,643.3,248271.0,381371.0
2025-06-18 11:10:14.188068,643.3,248271.0,381371.0
2025-06-18 11:10:14.253698,643.3,248104.0,381058.0
2025-06-18 11:10:19.458663,643.3,248057.0,381014.0
2025-06-18 11:10:22.180235,643.5,248057.0,381014.0
2025-06-18 11:10:24.559977,643.3,248101.0,380908.0
2025-06-18 11:10:25.181004,643.3,248101.0,380908.0
2025-06-18 11:10:28.187191,643.35,248101.0,380908.0
2025-06-18 11:10:30.167846,643.35,249755.0,379933.0
2025-06-18 11:10:31.188848,643.35,249755.0,379933.0
2025-06-18 11:10:34.182880,643.6,249755.0,379933.0
2025-06-18 11:10:35.769271,643.5,250051.0,379979.0
2025-06-18 11:10:37.178016,643.5,250051.0,379979.0
2025-06-18 11:10:38.181070,643.5,250051.0,379979.0
2025-06-18 11:10:41.371898,643.3,249739.0,380132.0
2025-06-18 11:10:42.186441,643.3,249739.0,380132.0
2025-06-18 11:10:46.177031,643.3,249739.0,380132.0
2025-06-18 11:10:46.571568,643.3,249340.0,380961.0
2025-06-18 11:10:50.184519,643.45,249340.0,380961.0
2025-06-18 11:10:51.682569,643.45,249108.0,380723.0
2025-06-18 11:10:54.190212,643.5,249108.0,380723.0
2025-06-18 11:10:56.178370,643.3,249108.0,380723.0
2025-06-18 11:10:56.882169,643.25,249702.0,380547.0
2025-06-18 11:10:58.180383,643.25,249702.0,380547.0
2025-06-18 11:11:00.178241,643.15,249702.0,380547.0
2025-06-18 11:11:02.090498,643.15,244760.0,383010.0
2025-06-18 11:11:02.206135,643.15,244760.0,383010.0
2025-06-18 11:11:04.178465,643.35,244760.0,383010.0
2025-06-18 11:11:06.183625,643.35,244760.0,383010.0
2025-06-18 11:11:07.592904,643.35,246288.0,382736.0
2025-06-18 11:11:08.189360,643.35,246288.0,382736.0
2025-06-18 11:11:10.181034,643.35,246288.0,382736.0
2025-06-18 11:11:12.184349,643.15,246288.0,382736.0
2025-06-18 11:11:13.004847,643.15,247202.0,382774.0
2025-06-18 11:11:14.198409,643.15,247202.0,382774.0
2025-06-18 11:11:18.198625,643.15,247202.0,382774.0
2025-06-18 11:11:18.296908,643.15,245909.0,384033.0
2025-06-18 11:11:20.188672,643.3,245909.0,384033.0
2025-06-18 11:11:22.188527,643.3,245909.0,384033.0
2025-06-18 11:11:23.521377,643.3,246068.0,383799.0
2025-06-18 11:11:24.182802,643.3,246068.0,383799.0
2025-06-18 11:11:26.188885,643.15,246068.0,383799.0
2025-06-18 11:11:28.201630,643.35,246068.0,383799.0
2025-06-18 11:11:28.603381,643.35,246103.0,383474.0
2025-06-18 11:11:33.706055,643.35,245959.0,383577.0
2025-06-18 11:11:34.183277,643.15,245959.0,383577.0
2025-06-18 11:11:36.184515,643.35,245959.0,383577.0
2025-06-18 11:11:38.192643,643.35,245959.0,383577.0
2025-06-18 11:11:38.709145,643.35,245965.0,383527.0
2025-06-18 11:11:42.193209,643.15,245965.0,383527.0
2025-06-18 11:11:43.710885,643.35,246535.0,383331.0
2025-06-18 11:11:44.210452,643.4,246535.0,383331.0
2025-06-18 11:11:48.714959,643.4,246320.0,383556.0
2025-06-18 11:11:50.198096,643.4,246320.0,383556.0
2025-06-18 11:11:53.818037,643.5,246973.0,382275.0
2025-06-18 11:11:54.208416,643.5,246973.0,382275.0
2025-06-18 11:11:56.198245,643.2,246973.0,382275.0
2025-06-18 11:11:58.426318,643.4,246973.0,382275.0
2025-06-18 11:11:58.926094,643.4,247497.0,381991.0
2025-06-18 11:12:02.288230,643.4,247655.0,381710.0
2025-06-18 11:12:02.624695,643.4,247442.0,380679.0
2025-06-18 11:12:03.725836,643.4,247793.0,380750.0
2025-06-18 11:12:04.725459,643.4,247774.0,380618.0
2025-06-18 11:12:05.174999,643.4,247774.0,380618.0
2025-06-18 11:12:05.827395,643.4,247743.0,380713.0
2025-06-18 11:12:06.926325,643.4,247706.0,380543.0
2025-06-18 11:12:08.035866,643.4,247708.0,380802.0
2025-06-18 11:12:08.176177,643.4,247708.0,380802.0
2025-06-18 11:12:10.111036,643.4,247751.0,380865.0
2025-06-18 11:12:10.169270,643.4,247751.0,380865.0
2025-06-18 11:12:11.038005,643.4,247877.0,380817.0
2025-06-18 11:12:11.173575,643.25,247877.0,380817.0
2025-06-18 11:12:12.138055,643.25,247847.0,381008.0
2025-06-18 11:12:13.138826,643.25,247921.0,380992.0
2025-06-18 11:12:14.139999,643.25,247901.0,380784.0
2025-06-18 11:12:15.138774,643.25,247886.0,380941.0
2025-06-18 11:12:16.137200,643.25,247874.0,380980.0
2025-06-18 11:12:17.236495,643.25,247864.0,380981.0
2025-06-18 11:12:18.340622,643.25,247904.0,380940.0
2025-06-18 11:12:19.436388,643.25,247871.0,380940.0
2025-06-18 11:12:20.545197,643.25,248204.0,380974.0
2025-06-18 11:12:21.545542,643.25,248187.0,380941.0
2025-06-18 11:12:22.177217,643.4,248187.0,380941.0
2025-06-18 11:12:22.644538,643.4,248014.0,380939.0
2025-06-18 11:12:23.741258,643.4,248045.0,381002.0
2025-06-18 11:12:24.842282,643.4,248046.0,380989.0
2025-06-18 11:12:25.946238,643.2,247971.0,380973.0
2025-06-18 11:12:26.177742,643.2,247971.0,380973.0
2025-06-18 11:12:26.946733,643.2,244678.0,384052.0
2025-06-18 11:12:27.179179,643.2,244678.0,384052.0
2025-06-18 11:12:28.049387,643.35,245114.0,383975.0
2025-06-18 11:12:28.176926,643.35,245114.0,383975.0
2025-06-18 11:12:29.153881,643.35,246598.0,383974.0
2025-06-18 11:12:30.255946,643.4,246729.0,382251.0
2025-06-18 11:12:31.179373,643.4,246729.0,382251.0
2025-06-18 11:12:31.249616,643.4,246690.0,382294.0
2025-06-18 11:12:32.204878,643.35,246690.0,382294.0
2025-06-18 11:12:32.353264,643.35,244682.0,384075.0
2025-06-18 11:12:33.452746,643.35,246258.0,383994.0
2025-06-18 11:12:34.178687,643.3,246258.0,383994.0
2025-06-18 11:12:34.556524,643.3,246617.0,383547.0
2025-06-18 11:12:35.197896,643.35,246617.0,383547.0
2025-06-18 11:12:35.654069,643.35,246892.0,383238.0
2025-06-18 11:12:36.557756,643.35,246785.0,383282.0
2025-06-18 11:12:37.177946,643.25,246785.0,383282.0
2025-06-18 11:12:37.653798,643.35,246740.0,383319.0
2025-06-18 11:12:38.178966,643.35,246740.0,383319.0
2025-06-18 11:12:38.753703,643.35,246793.0,383319.0
2025-06-18 11:12:39.856977,643.35,246747.0,383335.0
2025-06-18 11:12:40.860165,643.35,246747.0,383335.0
2025-06-18 11:12:41.193958,643.25,246747.0,383335.0
2025-06-18 11:12:41.857832,643.25,246754.0,383364.0
2025-06-18 11:12:42.959268,643.25,246714.0,383346.0
2025-06-18 11:12:44.065142,643.25,246740.0,383346.0
2025-06-18 11:12:44.178783,643.35,246740.0,383346.0
2025-06-18 11:12:45.059138,643.35,246751.0,383366.0
2025-06-18 11:12:46.164901,643.35,246751.0,383397.0
2025-06-18 11:12:47.260539,643.35,246751.0,383399.0
2025-06-18 11:12:47.559099,643.35,246751.0,383399.0
2025-06-18 11:12:48.177112,643.35,246751.0,383399.0
2025-06-18 11:12:48.360814,643.35,246936.0,383084.0
2025-06-18 11:12:48.623178,643.35,246936.0,383084.0
2025-06-18 11:12:49.361527,643.35,246866.0,382941.0
2025-06-18 11:12:49.530398,643.35,246866.0,382941.0
2025-06-18 11:12:50.457020,643.35,246866.0,382941.0
2025-06-18 11:12:50.461241,643.35,246941.0,382924.0
2025-06-18 11:12:51.312208,643.35,246941.0,382924.0
2025-06-18 11:12:51.563667,643.35,246941.0,382924.0
2025-06-18 11:12:52.074470,643.35,246941.0,382924.0
2025-06-18 11:12:52.563407,643.35,246941.0,382894.0
2025-06-18 11:12:53.069526,643.35,246941.0,382894.0
2025-06-18 11:12:53.178815,643.35,246941.0,382894.0
2025-06-18 11:12:53.630035,643.35,246941.0,382894.0
2025-06-18 11:12:53.664944,643.35,247688.0,382248.0
2025-06-18 11:12:54.038139,643.35,247688.0,382248.0
2025-06-18 11:12:54.178404,643.25,247688.0,382248.0
2025-06-18 11:12:54.521671,643.25,247688.0,382248.0
2025-06-18 11:12:54.765696,643.25,247389.0,382794.0
2025-06-18 11:12:54.878876,643.25,247389.0,382794.0
2025-06-18 11:12:55.760696,643.25,247389.0,382794.0
2025-06-18 11:12:55.867233,643.25,247544.0,382837.0
2025-06-18 11:12:56.179973,643.25,247544.0,382837.0
2025-06-18 11:12:56.971426,643.25,247514.0,382855.0
2025-06-18 11:12:57.003110,643.25,247514.0,382855.0
2025-06-18 11:12:57.881371,643.25,247514.0,382855.0
2025-06-18 11:12:57.979201,643.25,247611.0,382401.0
2025-06-18 11:12:59.070058,643.25,247515.0,382814.0
2025-06-18 11:12:59.283277,643.25,247515.0,382814.0
2025-06-18 11:13:00.171656,643.25,247387.0,382836.0
2025-06-18 11:13:00.184311,643.25,247387.0,382836.0
2025-06-18 11:13:00.390722,643.25,247387.0,382836.0
2025-06-18 11:13:01.570206,643.25,247387.0,382836.0
2025-06-18 11:13:03.030827,643.25,247387.0,382836.0
2025-06-18 11:13:05.375375,643.35,247558.0,382549.0
2025-06-18 11:13:06.189297,643.35,247558.0,382549.0
2025-06-18 11:13:08.187808,643.35,247558.0,382549.0
2025-06-18 11:13:10.187020,643.25,247558.0,382549.0
2025-06-18 11:13:10.278901,643.25,247518.0,382754.0
2025-06-18 11:13:12.191138,643.25,247518.0,382754.0
2025-06-18 11:13:15.081475,643.25,247477.0,382906.0
2025-06-18 11:13:16.195611,643.25,247477.0,382906.0
2025-06-18 11:13:18.196079,643.35,247477.0,382906.0
2025-06-18 11:13:19.884892,643.35,247150.0,383192.0
2025-06-18 11:13:22.194356,643.3,247150.0,383192.0
2025-06-18 11:13:24.191862,643.1,247150.0,383192.0
2025-06-18 11:13:24.887102,643.1,247191.0,383337.0
2025-06-18 11:13:26.191897,643.1,247191.0,383337.0
2025-06-18 11:13:29.896740,643.1,246085.0,384770.0
2025-06-18 11:13:32.188768,643.2,246085.0,384770.0
2025-06-18 11:13:34.194997,643.2,246085.0,384770.0
2025-06-18 11:13:34.691404,643.2,246293.0,382351.0
2025-06-18 11:13:36.191808,643.2,246293.0,382351.0
2025-06-18 11:13:38.189201,643.2,246293.0,382351.0
2025-06-18 11:13:39.996662,643.2,246348.0,382727.0
2025-06-18 11:13:42.193700,643.1,246348.0,382727.0
2025-06-18 11:13:44.196855,643.2,246348.0,382727.0
2025-06-18 11:13:45.104157,643.2,246270.0,383297.0
2025-06-18 11:13:46.195591,643.2,246270.0,383297.0
2025-06-18 11:13:50.003250,643.1,246081.0,383472.0
2025-06-18 11:13:50.204522,643.1,246081.0,383472.0
2025-06-18 11:13:52.194722,643.2,246081.0,383472.0
2025-06-18 11:13:54.903360,643.2,246484.0,382331.0
2025-06-18 11:13:56.193492,643.2,246484.0,382331.0
2025-06-18 11:13:58.191011,643.2,246484.0,382331.0
2025-06-18 11:14:00.404908,643.2,246723.0,382418.0
2025-06-18 11:14:04.197117,642.9,246723.0,382418.0
2025-06-18 11:14:05.215937,643.0,246241.0,383886.0
2025-06-18 11:14:06.195090,643.0,246241.0,383886.0
2025-06-18 11:14:08.197194,643.0,246241.0,383886.0
2025-06-18 11:14:10.310091,643.0,246577.0,383244.0
2025-06-18 11:14:12.192501,642.9,246577.0,383244.0
2025-06-18 11:14:14.197055,642.9,246577.0,383244.0
2025-06-18 11:14:15.314551,642.9,246279.0,383377.0
2025-06-18 11:14:20.197628,642.9,246279.0,383377.0
2025-06-18 11:14:20.218972,642.9,246278.0,383354.0
2025-06-18 11:14:22.241733,642.9,246278.0,383354.0
2025-06-18 11:14:25.121185,643.2,255430.0,381911.0
2025-06-18 11:14:25.191479,643.2,255430.0,381911.0
2025-06-18 11:14:27.192460,643.1,255430.0,381911.0
2025-06-18 11:14:28.196361,643.2,255430.0,381911.0
2025-06-18 11:14:30.197565,643.1,255430.0,381911.0
2025-06-18 11:14:30.425101,643.1,255813.0,382281.0
2025-06-18 11:14:34.204493,643.2,255813.0,382281.0
2025-06-18 11:14:35.730484,643.2,258390.0,379955.0
2025-06-18 11:14:37.214031,643.55,258390.0,379955.0
2025-06-18 11:14:38.203186,643.55,258390.0,379955.0
2025-06-18 11:14:40.731757,643.55,257754.0,380242.0
2025-06-18 11:14:42.192769,643.3,257754.0,380242.0
2025-06-18 11:14:44.195839,643.3,257754.0,380242.0
2025-06-18 11:14:46.048368,643.25,256561.0,380719.0
2025-06-18 11:14:46.198246,643.25,256561.0,380719.0
2025-06-18 11:14:51.553102,643.25,256639.0,380156.0
2025-06-18 11:14:52.218508,643.55,256639.0,380156.0
2025-06-18 11:14:54.196790,643.55,256639.0,380156.0
2025-06-18 11:14:56.199205,643.3,256639.0,380156.0
2025-06-18 11:14:57.054673,643.3,255876.0,381321.0
2025-06-18 11:15:01.849017,643.3,254142.0,380267.0
2025-06-18 11:15:02.194608,643.2,254142.0,380267.0
2025-06-18 11:15:02.850228,643.2,254404.0,381580.0
2025-06-18 11:15:03.190235,643.2,254404.0,381580.0
2025-06-18 11:15:03.849527,643.4,255220.0,381591.0
2025-06-18 11:15:04.191254,643.4,255220.0,381591.0
2025-06-18 11:15:04.751083,643.45,255245.0,381562.0
2025-06-18 11:15:05.193660,643.45,255245.0,381562.0
2025-06-18 11:15:06.910970,643.45,254778.0,382014.0
2025-06-18 11:15:07.351598,643.35,254889.0,381782.0
2025-06-18 11:15:08.190965,643.3,254889.0,381782.0
2025-06-18 11:15:08.352175,643.3,254943.0,382120.0
2025-06-18 11:15:10.476624,643.3,254943.0,382148.0
2025-06-18 11:15:10.514611,643.3,255041.0,381987.0
2025-06-18 11:15:11.193608,643.2,255041.0,381987.0
2025-06-18 11:15:11.354552,643.2,253399.0,383060.0
2025-06-18 11:15:12.192323,643.05,253399.0,383060.0
2025-06-18 11:15:12.355878,643.05,254062.0,383787.0
2025-06-18 11:15:13.456633,643.05,254088.0,383648.0
2025-06-18 11:15:14.456811,643.05,254110.0,383631.0
2025-06-18 11:15:15.456948,643.05,254130.0,383631.0
2025-06-18 11:15:16.594462,643.05,254146.0,383629.0
2025-06-18 11:15:17.658446,643.05,254260.0,383247.0
2025-06-18 11:15:18.195342,642.9,254260.0,383247.0
2025-06-18 11:15:18.759772,642.9,254239.0,383349.0
2025-06-18 11:15:19.860625,642.9,254239.0,383244.0
2025-06-18 11:15:20.962188,642.9,254221.0,383435.0
2025-06-18 11:15:22.064144,642.9,254221.0,383428.0
2025-06-18 11:15:22.193720,643.05,254221.0,383428.0
2025-06-18 11:15:23.162852,643.05,254472.0,382816.0
2025-06-18 11:15:24.262968,643.05,254537.0,382934.0
2025-06-18 11:15:25.264022,643.05,254498.0,382962.0
2025-06-18 11:15:26.195074,642.95,254498.0,382962.0
2025-06-18 11:15:26.365683,642.95,254368.0,382905.0
2025-06-18 11:15:27.464810,642.95,254593.0,382787.0
2025-06-18 11:15:28.201799,643.05,254593.0,382787.0
2025-06-18 11:15:28.567368,643.05,254647.0,382900.0
2025-06-18 11:15:29.666970,643.05,254622.0,382833.0
2025-06-18 11:15:30.190788,642.95,254622.0,382833.0
2025-06-18 11:15:30.768139,643.05,254460.0,383108.0
2025-06-18 11:15:31.192607,643.05,254460.0,383108.0
2025-06-18 11:15:31.869200,643.05,254499.0,382887.0
2025-06-18 11:15:32.968776,643.05,254481.0,382897.0
2025-06-18 11:15:34.071822,643.05,254532.0,382905.0
2025-06-18 11:15:35.174538,643.3,254532.0,382886.0
2025-06-18 11:15:35.196063,643.3,254532.0,382886.0
2025-06-18 11:15:36.076941,643.3,254523.0,382881.0
2025-06-18 11:15:37.274572,643.3,254466.0,382680.0
2025-06-18 11:15:38.201907,643.5,254466.0,382680.0
2025-06-18 11:15:38.376056,643.5,254847.0,380810.0
2025-06-18 11:15:39.476841,643.5,256312.0,380767.0
2025-06-18 11:15:40.194859,643.5,256312.0,380767.0
2025-06-18 11:15:40.378962,643.5,256321.0,380387.0
2025-06-18 11:15:41.198350,643.25,256321.0,380387.0
2025-06-18 11:15:41.278562,643.25,256483.0,380787.0
2025-06-18 11:15:42.478644,643.25,256817.0,380745.0
2025-06-18 11:15:43.197391,643.6,256817.0,380745.0
2025-06-18 11:15:43.478629,643.6,257352.0,380035.0
2025-06-18 11:15:44.579486,643.6,250130.0,378098.0
2025-06-18 11:15:45.684117,643.6,253225.0,376799.0
2025-06-18 11:15:46.679905,643.6,253208.0,378298.0
2025-06-18 11:15:47.779778,643.6,253191.0,378200.0
2025-06-18 11:15:48.065690,643.6,253191.0,378200.0
2025-06-18 11:15:48.881100,643.55,251555.0,380613.0
2025-06-18 11:15:49.089333,643.55,251555.0,380613.0
2025-06-18 11:15:49.196965,643.55,251555.0,380613.0
2025-06-18 11:15:49.981087,643.55,251779.0,380121.0
2025-06-18 11:15:49.995086,643.55,251779.0,380121.0
2025-06-18 11:15:50.197271,643.5,251779.0,380121.0
2025-06-18 11:15:50.883482,643.5,251707.0,380317.0
2025-06-18 11:15:50.932923,643.5,251707.0,380317.0
2025-06-18 11:15:51.199082,643.5,251707.0,380317.0
2025-06-18 11:15:51.774366,643.5,251707.0,380317.0
2025-06-18 11:15:51.885407,643.5,251760.0,380571.0
2025-06-18 11:15:52.194601,643.55,251760.0,380571.0
2025-06-18 11:15:52.575361,643.55,251760.0,380571.0
2025-06-18 11:15:52.984979,643.55,252032.0,380551.0
2025-06-18 11:15:53.583911,643.55,252032.0,380551.0
2025-06-18 11:15:54.084087,643.55,252713.0,380265.0
2025-06-18 11:15:54.132728,643.55,252713.0,380265.0
2025-06-18 11:15:55.026467,643.55,252713.0,380265.0
2025-06-18 11:15:55.184400,643.55,252306.0,380025.0
2025-06-18 11:15:55.400370,643.55,252306.0,380025.0
2025-06-18 11:15:56.085183,643.55,252143.0,380004.0
2025-06-18 11:15:56.197702,643.35,252143.0,380004.0
2025-06-18 11:15:56.286503,643.35,252143.0,380004.0
2025-06-18 11:15:57.085300,643.35,251990.0,380084.0
2025-06-18 11:15:57.198790,643.35,251990.0,380084.0
2025-06-18 11:15:57.550527,643.35,251990.0,380084.0
2025-06-18 11:15:58.084885,643.35,252025.0,379223.0
2025-06-18 11:15:58.405739,643.35,252025.0,379223.0
2025-06-18 11:15:59.086224,643.35,251943.0,379159.0
2025-06-18 11:16:00.105072,643.35,251943.0,379159.0
2025-06-18 11:16:00.184450,643.35,252148.0,378757.0
2025-06-18 11:16:01.245135,643.35,252148.0,378757.0
2025-06-18 11:16:01.587029,643.3,250672.0,380896.0
2025-06-18 11:16:02.198727,643.3,250672.0,380896.0
2025-06-18 11:16:02.396275,643.3,250672.0,380896.0
2025-06-18 11:16:02.587750,643.3,250670.0,380780.0
2025-06-18 11:16:03.194738,643.3,250670.0,380780.0
2025-06-18 11:16:03.586705,643.3,250693.0,380724.0
2025-06-18 11:16:03.863018,643.3,250693.0,380724.0
2025-06-18 11:16:04.587230,643.45,250721.0,380591.0
2025-06-18 11:16:05.201306,643.45,250721.0,380591.0
2025-06-18 11:16:05.587940,643.3,250417.0,380138.0
2025-06-18 11:16:06.194666,643.3,250417.0,380138.0
2025-06-18 11:16:06.590070,643.3,250493.0,381521.0
2025-06-18 11:16:07.490971,643.45,250449.0,381509.0
2025-06-18 11:16:08.726985,643.45,250449.0,381509.0
2025-06-18 11:16:08.765191,643.45,250449.0,381532.0
2025-06-18 11:16:09.391828,643.45,250292.0,381360.0
2025-06-18 11:16:10.477102,643.45,248227.0,381675.0
2025-06-18 11:16:11.196644,643.3,248227.0,381675.0
2025-06-18 11:16:11.395433,643.3,241266.0,381032.0
2025-06-18 11:16:12.199906,643.45,241266.0,381032.0
2025-06-18 11:16:12.393273,643.45,241568.0,380807.0
2025-06-18 11:16:13.294597,643.45,248390.0,380939.0
2025-06-18 11:16:14.194947,643.45,248390.0,380939.0
2025-06-18 11:16:14.199169,643.45,248391.0,382261.0
2025-06-18 11:16:15.200994,643.45,248472.0,382261.0
2025-06-18 11:16:16.214590,643.45,248652.0,382143.0
2025-06-18 11:16:17.096447,643.45,248528.0,382154.0
2025-06-18 11:16:18.096501,643.45,247239.0,382234.0
2025-06-18 11:16:19.096076,643.45,248618.0,382204.0
2025-06-18 11:16:20.096675,643.45,249031.0,381952.0
2025-06-18 11:16:21.231502,643.45,249729.0,381912.0
2025-06-18 11:16:22.198858,643.3,249729.0,381912.0
2025-06-18 11:16:22.217786,643.3,249738.0,381920.0
2025-06-18 11:16:23.197175,643.45,249738.0,381920.0
2025-06-18 11:16:23.203001,643.45,249667.0,381943.0
2025-06-18 11:16:24.100607,643.45,249668.0,381952.0
2025-06-18 11:16:25.104366,643.45,249709.0,381952.0
2025-06-18 11:16:26.102606,643.45,249709.0,381950.0
2025-06-18 11:16:26.199044,643.3,249709.0,381950.0
2025-06-18 11:16:27.102949,643.3,249637.0,381954.0
2025-06-18 11:16:28.216108,643.3,249637.0,381961.0
2025-06-18 11:16:29.197988,643.45,249637.0,381961.0
2025-06-18 11:16:29.211215,643.45,249711.0,381952.0
2025-06-18 11:16:30.712358,643.45,249693.0,381808.0
2025-06-18 11:16:31.708230,643.45,249703.0,381427.0
2025-06-18 11:16:32.807989,643.45,249660.0,381427.0
2025-06-18 11:16:33.708915,643.45,249705.0,381428.0
2025-06-18 11:16:34.710628,643.45,249619.0,381443.0
2025-06-18 11:16:35.203165,643.45,249619.0,381443.0
2025-06-18 11:16:35.712125,643.45,249530.0,381654.0
2025-06-18 11:16:36.712618,643.45,249530.0,380125.0
2025-06-18 11:16:37.198475,643.45,249530.0,380125.0
2025-06-18 11:16:37.710909,643.45,249902.0,381324.0
2025-06-18 11:16:38.713711,643.45,249964.0,381056.0
2025-06-18 11:16:40.327429,643.45,249666.0,381427.0
2025-06-18 11:16:40.714703,643.45,249567.0,381381.0
2025-06-18 11:16:41.208096,643.3,249567.0,381381.0
2025-06-18 11:16:41.716098,643.3,249547.0,381451.0
2025-06-18 11:16:42.715397,643.3,249584.0,381385.0
2025-06-18 11:16:43.201807,643.3,249584.0,381385.0
2025-06-18 11:16:43.734608,643.3,249587.0,381464.0
2025-06-18 11:16:44.616355,643.3,249531.0,381492.0
2025-06-18 11:16:45.615292,643.3,249603.0,381284.0
2025-06-18 11:16:46.720315,643.3,249606.0,381269.0
2025-06-18 11:16:47.717464,643.3,249519.0,381497.0
2025-06-18 11:16:48.724520,643.3,249565.0,381497.0
2025-06-18 11:16:49.718424,643.3,249529.0,381498.0
2025-06-18 11:16:50.827329,643.3,249568.0,381498.0
2025-06-18 11:16:51.830135,643.3,249501.0,381311.0
2025-06-18 11:16:52.822074,643.45,249549.0,381339.0
2025-06-18 11:16:53.202703,643.45,249549.0,381339.0
2025-06-18 11:16:53.824136,643.45,249588.0,381343.0
2025-06-18 11:16:54.200515,643.3,249588.0,381343.0
2025-06-18 11:16:54.823001,643.3,248055.0,381810.0
2025-06-18 11:16:55.922891,643.3,248083.0,381832.0
2025-06-18 11:16:56.203929,643.3,248083.0,381832.0
2025-06-18 11:16:56.924160,643.3,247898.0,381931.0
2025-06-18 11:16:58.025083,643.2,246742.0,386681.0
2025-06-18 11:16:58.204933,643.2,246742.0,386681.0
2025-06-18 11:17:00.406519,643.15,246827.0,386873.0
2025-06-18 11:17:00.408265,643.15,246827.0,386873.0
2025-06-18 11:17:00.447052,643.15,246822.0,385394.0
2025-06-18 11:17:00.449040,643.2,246822.0,385394.0
2025-06-18 11:17:01.425528,643.2,246923.0,383217.0
2025-06-18 11:17:02.207787,643.3,246923.0,383217.0
2025-06-18 11:17:02.525814,643.3,247703.0,381441.0
2025-06-18 11:17:03.625906,643.3,247430.0,380920.0
2025-06-18 11:17:04.626022,643.3,247358.0,382208.0
2025-06-18 11:17:05.204703,643.3,247358.0,382208.0
2025-06-18 11:17:05.625291,643.3,247359.0,382409.0
2025-06-18 11:17:06.626804,643.3,247360.0,382373.0
2025-06-18 11:17:07.633945,643.3,247360.0,382372.0
2025-06-18 11:17:08.204467,643.3,247360.0,382372.0
2025-06-18 11:17:08.726971,643.3,247156.0,380881.0
2025-06-18 11:17:09.628909,643.3,247383.0,382478.0
2025-06-18 11:17:10.207115,643.1,247383.0,382478.0
2025-06-18 11:17:10.629396,643.1,247447.0,382493.0
2025-06-18 11:17:11.207670,643.1,247447.0,382493.0
2025-06-18 11:17:11.731653,643.1,247538.0,383269.0
2025-06-18 11:17:12.204546,643.0,247538.0,383269.0
2025-06-18 11:17:12.731007,643.0,247640.0,383019.0
2025-06-18 11:17:14.431841,643.0,247423.0,383391.0
2025-06-18 11:17:15.432661,643.0,247554.0,383276.0
2025-06-18 11:17:16.533868,643.0,247628.0,383290.0
2025-06-18 11:17:17.635101,643.0,249212.0,381131.0
2025-06-18 11:17:18.735192,643.0,249328.0,382554.0
2025-06-18 11:17:19.206293,643.3,249328.0,382554.0
2025-06-18 11:17:19.836169,643.3,249344.0,382613.0
2025-06-18 11:17:20.838015,643.3,249403.0,382625.0
2025-06-18 11:17:21.837766,643.3,249784.0,382536.0
2025-06-18 11:17:22.206753,643.3,249784.0,382536.0
2025-06-18 11:17:22.838470,643.3,249652.0,382474.0
2025-06-18 11:17:23.844410,643.3,249652.0,382536.0
2025-06-18 11:17:24.846857,643.3,249672.0,382536.0
2025-06-18 11:17:25.845468,643.3,249755.0,382362.0
2025-06-18 11:17:26.208195,643.1,249755.0,382362.0
2025-06-18 11:17:26.843672,643.1,249688.0,382376.0
2025-06-18 11:17:27.841408,643.1,249131.0,382611.0
2025-06-18 11:17:28.840707,643.05,249127.0,382556.0
2025-06-18 11:17:29.208071,643.05,249127.0,382556.0
2025-06-18 11:17:29.841352,643.05,249253.0,382709.0
2025-06-18 11:17:30.747175,643.05,249293.0,382695.0
2025-06-18 11:17:31.746149,643.05,249213.0,382727.0
2025-06-18 11:17:32.848196,643.05,249213.0,382774.0
2025-06-18 11:17:34.049672,643.05,249213.0,382756.0
2025-06-18 11:17:35.175180,643.3,249259.0,382765.0
2025-06-18 11:17:35.208204,643.3,249259.0,382765.0
2025-06-18 11:17:36.153679,643.3,249532.0,382680.0
2025-06-18 11:17:37.156182,643.3,249430.0,382739.0
2025-06-18 11:17:38.206655,643.3,249430.0,382739.0
2025-06-18 11:17:38.249652,643.3,249535.0,382708.0
2025-06-18 11:17:39.347698,643.3,249531.0,382733.0
2025-06-18 11:17:41.214930,643.1,249531.0,382733.0
2025-06-18 11:17:41.252842,643.1,249268.0,382710.0
2025-06-18 11:17:42.208755,643.1,249268.0,382710.0
2025-06-18 11:17:42.350276,643.1,249292.0,382690.0
2025-06-18 11:17:43.452987,643.1,249460.0,382769.0
2025-06-18 11:17:44.550944,643.1,249478.0,382629.0
2025-06-18 11:17:45.654883,643.1,249551.0,382750.0
2025-06-18 11:17:46.755360,643.1,249572.0,383041.0
2025-06-18 11:17:47.753543,643.1,249516.0,383036.0
2025-06-18 11:17:48.756369,643.1,249516.0,383020.0
2025-06-18 11:17:49.754133,643.1,249577.0,383034.0
2025-06-18 11:17:50.755883,643.1,249423.0,383063.0
2025-06-18 11:17:51.857298,643.1,249499.0,383133.0
2025-06-18 11:17:52.966024,643.3,249399.0,383147.0
2025-06-18 11:17:53.206189,643.3,249399.0,383147.0
2025-06-18 11:17:53.991284,643.3,249399.0,383082.0
2025-06-18 11:17:54.860679,643.3,249423.0,383082.0
2025-06-18 11:17:55.963945,643.3,249423.0,383053.0
2025-06-18 11:17:56.207213,643.05,249423.0,383053.0
2025-06-18 11:17:57.071393,643.05,249457.0,383185.0
2025-06-18 11:17:58.166000,643.05,249456.0,383184.0
2025-06-18 11:17:58.207107,643.05,249456.0,383184.0
2025-06-18 11:17:59.262731,643.05,249549.0,383183.0
2025-06-18 11:18:00.262372,643.05,249496.0,383185.0
2025-06-18 11:18:01.970432,643.05,249532.0,383186.0
2025-06-18 11:18:06.219535,643.35,249532.0,383186.0
2025-06-18 11:18:06.767910,643.35,249607.0,383189.0
2025-06-18 11:18:08.238309,643.35,249607.0,383189.0
2025-06-18 11:18:10.493032,643.05,249607.0,383189.0
2025-06-18 11:18:11.671493,643.05,248934.0,383264.0
2025-06-18 11:18:13.242979,643.05,248934.0,383264.0
2025-06-18 11:18:17.210809,643.15,248934.0,383264.0
2025-06-18 11:18:17.475034,643.15,246122.0,383961.0
2025-06-18 11:18:19.216730,643.15,246122.0,383961.0
2025-06-18 11:18:23.212684,643.15,246122.0,383961.0
2025-06-18 11:18:23.283251,643.15,246161.0,385349.0
2025-06-18 11:18:27.214343,642.95,246161.0,385349.0
2025-06-18 11:18:28.482544,642.95,247217.0,385156.0
2025-06-18 11:18:31.216795,642.95,247217.0,385156.0
2025-06-18 11:18:33.590997,642.95,247256.0,385397.0
2025-06-18 11:18:35.220573,643.15,247256.0,385397.0
2025-06-18 11:18:38.690396,643.15,247349.0,385086.0
2025-06-18 11:18:39.216429,643.15,247349.0,385086.0
2025-06-18 11:18:41.214764,642.95,247349.0,385086.0
2025-06-18 11:18:43.612585,642.95,247303.0,385131.0
2025-06-18 11:18:47.235799,642.95,247303.0,385131.0
2025-06-18 11:18:48.289216,642.95,247341.0,385182.0
2025-06-18 11:18:48.469891,642.95,247341.0,385182.0
2025-06-18 11:18:49.546156,642.95,247341.0,385182.0
2025-06-18 11:18:50.467178,642.95,247341.0,385182.0
2025-06-18 11:18:51.400028,642.95,247341.0,385182.0
2025-06-18 11:18:52.265149,642.95,247341.0,385182.0
2025-06-18 11:18:52.896301,643.15,247528.0,385004.0
2025-06-18 11:18:53.033779,643.15,247528.0,385004.0
2025-06-18 11:18:53.216596,643.15,247528.0,385004.0
2025-06-18 11:18:54.063227,643.15,247528.0,385004.0
2025-06-18 11:18:55.029292,643.15,247528.0,385004.0
2025-06-18 11:18:56.783705,643.15,247528.0,385004.0
2025-06-18 11:18:57.218109,642.95,247528.0,385004.0
2025-06-18 11:18:57.696992,642.95,247496.0,384992.0
2025-06-18 11:18:58.025932,642.95,247496.0,384992.0
2025-06-18 11:19:00.281113,642.95,247496.0,384992.0
2025-06-18 11:19:01.557977,642.95,247496.0,384992.0
2025-06-18 11:19:02.495980,642.95,247144.0,385241.0
2025-06-18 11:19:02.708233,642.95,247144.0,385241.0
2025-06-18 11:19:03.217839,642.95,247144.0,385241.0
2025-06-18 11:19:04.182755,642.95,247144.0,385241.0
2025-06-18 11:19:05.220350,643.15,247144.0,385241.0
2025-06-18 11:19:08.108017,643.15,258444.0,382333.0
2025-06-18 11:19:09.217813,643.15,258444.0,382333.0
2025-06-18 11:19:11.214957,643.05,258444.0,382333.0
2025-06-18 11:19:13.206346,643.05,259191.0,382054.0
2025-06-18 11:19:15.217406,643.15,259191.0,382054.0
2025-06-18 11:19:18.309874,643.15,259682.0,381586.0
2025-06-18 11:19:23.219248,643.15,259682.0,381586.0
2025-06-18 11:19:23.712507,643.15,259375.0,382277.0
2025-06-18 11:19:25.219981,643.15,259375.0,382277.0
2025-06-18 11:19:27.222342,643.25,259375.0,382277.0
2025-06-18 11:19:28.614921,643.5,260619.0,381878.0
2025-06-18 11:19:29.218439,643.5,260619.0,381878.0
2025-06-18 11:19:33.219131,643.25,260619.0,381878.0
2025-06-18 11:19:33.628563,643.25,260650.0,381679.0
2025-06-18 11:19:35.226100,643.5,260650.0,381679.0
2025-06-18 11:19:37.222025,643.5,260650.0,381679.0
2025-06-18 11:19:38.420596,643.5,262197.0,380084.0
2025-06-18 11:19:41.218969,643.3,262197.0,380084.0
2025-06-18 11:19:43.260215,643.25,262197.0,380084.0
2025-06-18 11:19:43.427466,643.25,261219.0,379990.0
2025-06-18 11:19:48.424240,643.4,260961.0,379037.0
2025-06-18 11:19:49.281182,643.3,260961.0,379037.0
2025-06-18 11:19:51.259738,643.3,260961.0,379037.0
2025-06-18 11:19:53.231697,643.55,260961.0,379037.0
2025-06-18 11:19:53.730570,643.55,261114.0,379191.0
2025-06-18 11:19:57.220573,643.2,261114.0,379191.0
2025-06-18 11:20:00.477248,643.2,251766.0,381849.0
2025-06-18 11:20:04.038681,643.2,251834.0,381904.0
2025-06-18 11:20:05.226354,643.45,251834.0,381904.0
2025-06-18 11:20:06.219653,643.2,251834.0,381904.0
2025-06-18 11:20:08.218622,643.45,251834.0,381904.0
2025-06-18 11:20:08.845522,643.45,252623.0,381278.0
2025-06-18 11:20:11.218023,643.2,252623.0,381278.0
2025-06-18 11:20:13.446660,643.2,252453.0,381581.0
2025-06-18 11:20:18.051541,643.2,252133.0,381638.0
2025-06-18 11:20:22.218537,643.45,252133.0,381638.0
2025-06-18 11:20:23.056433,643.45,251956.0,381363.0
2025-06-18 11:20:26.221547,643.25,251956.0,381363.0
2025-06-18 11:20:28.261273,643.25,251801.0,381410.0
2025-06-18 11:20:33.260670,643.25,251723.0,381537.0
2025-06-18 11:20:35.218520,643.45,251723.0,381537.0
2025-06-18 11:20:38.067490,643.45,251687.0,381684.0
2025-06-18 11:20:38.220007,643.45,251687.0,381684.0
2025-06-18 11:20:40.228342,643.45,251687.0,381684.0
2025-06-18 11:20:41.219497,643.25,251687.0,381684.0
2025-06-18 11:20:42.872959,643.25,251705.0,381668.0
2025-06-18 11:20:47.874743,643.25,251794.0,381732.0
2025-06-18 11:20:48.219227,643.25,251794.0,381732.0
2025-06-18 11:20:50.225946,643.4,251794.0,381732.0
2025-06-18 11:20:52.876204,643.4,251465.0,381798.0
2025-06-18 11:20:53.225085,643.4,251465.0,381798.0
2025-06-18 11:20:56.258881,643.25,251465.0,381798.0
2025-06-18 11:20:57.978932,643.25,251447.0,381954.0
2025-06-18 11:21:02.581189,643.25,251480.0,381969.0
2025-06-18 11:21:05.223046,643.4,251480.0,381969.0
2025-06-18 11:21:06.226691,643.4,251480.0,381969.0
2025-06-18 11:21:07.218416,643.4,251480.0,381969.0
2025-06-18 11:21:07.481324,643.4,251169.0,382165.0
2025-06-18 11:21:11.222843,643.25,251169.0,382165.0
2025-06-18 11:21:12.388732,643.25,250758.0,382981.0
2025-06-18 11:21:13.252329,643.4,250758.0,382981.0
2025-06-18 11:21:16.990179,643.4,250977.0,382243.0
2025-06-18 11:21:20.221520,643.4,250977.0,382243.0
2025-06-18 11:21:21.791157,643.4,251117.0,381958.0
2025-06-18 11:21:23.218853,643.4,251117.0,381958.0
2025-06-18 11:21:26.221598,643.25,251117.0,381958.0
2025-06-18 11:21:26.892770,643.25,250675.0,382493.0
2025-06-18 11:21:30.220257,643.4,250675.0,382493.0
2025-06-18 11:21:31.995841,643.4,250990.0,382049.0
2025-06-18 11:21:35.222253,643.4,250990.0,382049.0
2025-06-18 11:21:36.219483,643.25,250990.0,382049.0
2025-06-18 11:21:36.996164,643.25,251025.0,382024.0
2025-06-18 11:21:38.228832,643.4,251025.0,382024.0
2025-06-18 11:21:41.221561,643.25,251025.0,382024.0
2025-06-18 11:21:41.404390,643.25,249468.0,382790.0
2025-06-18 11:21:42.225981,643.25,249468.0,382790.0
2025-06-18 11:21:44.225981,643.4,249468.0,382790.0
2025-06-18 11:21:46.118325,643.4,249000.0,383427.0
2025-06-18 11:21:46.236753,643.4,249000.0,383427.0
2025-06-18 11:21:48.227652,643.2,249000.0,383427.0
2025-06-18 11:21:49.048287,643.2,249000.0,383427.0
2025-06-18 11:21:50.146859,643.2,249000.0,383427.0
2025-06-18 11:21:50.906073,643.2,247924.0,384682.0
2025-06-18 11:21:51.053033,643.2,247924.0,384682.0
2025-06-18 11:21:52.597344,643.25,247924.0,384682.0
2025-06-18 11:21:52.845163,643.25,247924.0,384682.0
2025-06-18 11:21:53.646596,643.25,247924.0,384682.0
2025-06-18 11:21:54.224511,643.1,247924.0,384682.0
2025-06-18 11:21:54.651412,643.1,247924.0,384682.0
2025-06-18 11:21:55.206743,643.1,247924.0,384682.0
2025-06-18 11:21:56.013800,643.1,247971.0,384397.0
2025-06-18 11:21:56.103005,643.1,247971.0,384397.0
2025-06-18 11:21:56.219542,643.1,247971.0,384397.0
2025-06-18 11:21:56.479879,643.1,247971.0,384397.0
2025-06-18 11:21:57.232898,643.05,247971.0,384397.0
2025-06-18 11:21:57.359436,643.05,247971.0,384397.0
2025-06-18 11:21:58.227442,643.05,247971.0,384397.0
2025-06-18 11:21:58.626967,643.05,247971.0,384397.0
2025-06-18 11:21:59.496003,643.05,247971.0,384397.0
2025-06-18 11:22:00.879972,643.05,247971.0,384397.0
2025-06-18 11:22:01.213310,643.05,248222.0,384650.0
2025-06-18 11:22:02.017078,643.05,248222.0,384650.0
2025-06-18 11:22:03.232946,643.25,248222.0,384650.0
2025-06-18 11:22:03.385408,643.25,248222.0,384650.0
2025-06-18 11:22:05.220095,643.25,248222.0,384650.0
2025-06-18 11:22:05.232527,643.25,248222.0,384650.0
2025-06-18 11:22:06.017282,643.25,248393.0,384356.0
2025-06-18 11:22:08.224357,643.25,248393.0,384356.0
2025-06-18 11:22:11.298487,643.25,248563.0,384417.0
2025-06-18 11:22:11.305633,643.05,248563.0,384417.0
2025-06-18 11:22:14.223116,643.05,248563.0,384417.0
2025-06-18 11:22:16.136439,643.05,248674.0,384412.0
2025-06-18 11:22:17.254452,643.05,248674.0,384412.0
2025-06-18 11:22:21.157897,643.05,248390.0,384648.0
2025-06-18 11:22:23.227243,643.25,248390.0,384648.0
2025-06-18 11:22:26.031787,643.25,248424.0,384289.0
2025-06-18 11:22:26.235953,643.05,248424.0,384289.0
2025-06-18 11:22:30.226768,643.1,248424.0,384289.0
2025-06-18 11:22:30.857363,643.1,249342.0,383042.0
2025-06-18 11:22:35.228593,643.25,249342.0,383042.0
2025-06-18 11:22:35.835886,643.25,249824.0,382905.0
2025-06-18 11:22:37.224713,643.25,249824.0,382905.0
2025-06-18 11:22:40.939269,643.25,249988.0,382876.0
2025-06-18 11:22:41.234350,643.1,249988.0,382876.0
2025-06-18 11:22:46.153984,643.1,257369.0,382920.0
2025-06-18 11:22:46.232575,643.1,257369.0,382920.0
2025-06-18 11:22:51.548727,643.1,257075.0,382929.0
2025-06-18 11:22:53.233493,643.25,257075.0,382929.0
2025-06-18 11:22:56.231830,643.1,257075.0,382929.0
2025-06-18 11:22:56.253059,643.1,257261.0,382542.0
2025-06-18 11:22:58.242506,643.1,257261.0,382542.0
2025-06-18 11:23:00.953688,643.1,255579.0,382938.0
2025-06-18 11:23:02.245859,643.1,255579.0,382938.0
2025-06-18 11:23:05.228189,643.25,255579.0,382938.0
2025-06-18 11:23:05.856579,643.25,255555.0,383021.0
2025-06-18 11:23:08.235097,643.25,255555.0,383021.0
2025-06-18 11:23:10.854822,643.25,255230.0,383109.0
2025-06-18 11:23:11.236738,643.1,255230.0,383109.0
2025-06-18 11:23:15.236489,643.1,255230.0,383109.0
2025-06-18 11:23:15.674242,643.1,254752.0,383499.0
2025-06-18 11:23:18.236117,643.25,254752.0,383499.0
2025-06-18 11:23:21.177957,643.25,254121.0,383478.0
2025-06-18 11:23:24.261833,643.1,254121.0,383478.0
2025-06-18 11:23:26.679561,643.0,246498.0,384734.0
2025-06-18 11:23:27.237759,643.0,246498.0,384734.0
2025-06-18 11:23:29.255038,643.1,246498.0,384734.0
2025-06-18 11:23:31.971877,643.1,247199.0,384744.0
2025-06-18 11:23:35.234090,643.1,247199.0,384744.0
2025-06-18 11:23:37.196775,643.1,247849.0,384493.0
2025-06-18 11:23:39.237130,643.1,247849.0,384493.0
2025-06-18 11:23:41.248374,643.0,247849.0,384493.0
2025-06-18 11:23:42.080003,643.0,247623.0,384513.0
2025-06-18 11:23:46.980807,643.0,247857.0,384436.0
2025-06-18 11:23:47.236978,643.1,247857.0,384436.0
2025-06-18 11:23:51.243185,643.0,247857.0,384436.0
2025-06-18 11:23:51.788594,643.0,247840.0,384433.0
2025-06-18 11:23:53.239582,643.1,247840.0,384433.0
2025-06-18 11:23:56.490306,643.0,254408.0,384367.0
2025-06-18 11:23:57.252819,642.95,254408.0,384367.0
2025-06-18 11:24:01.239664,643.1,254408.0,384367.0
2025-06-18 11:24:01.591275,643.1,254709.0,384186.0
2025-06-18 11:24:05.243325,643.1,254709.0,384186.0
2025-06-18 11:24:06.494450,642.85,252569.0,385631.0
2025-06-18 11:24:07.245954,643.1,252569.0,385631.0
2025-06-18 11:24:11.248660,642.85,252569.0,385631.0
2025-06-18 11:24:11.498096,642.85,253536.0,385391.0
2025-06-18 11:24:17.288055,642.85,253538.0,385583.0
2025-06-18 11:24:19.282721,642.85,253538.0,385583.0
2025-06-18 11:24:21.298569,642.85,253887.0,385364.0
2025-06-18 11:24:23.264140,642.95,253887.0,385364.0
2025-06-18 11:24:26.502707,642.85,253074.0,386177.0
2025-06-18 11:24:27.256337,642.85,253074.0,386177.0
2025-06-18 11:24:29.250064,642.95,253074.0,386177.0
2025-06-18 11:24:31.709390,642.85,252975.0,386784.0
2025-06-18 11:24:33.281816,642.85,252975.0,386784.0
2025-06-18 11:24:35.245508,642.95,252975.0,386784.0
2025-06-18 11:24:36.509311,642.95,252885.0,386366.0
2025-06-18 11:24:39.272761,642.85,252885.0,386366.0
2025-06-18 11:24:41.238114,642.85,252885.0,386366.0
2025-06-18 11:24:41.307309,642.85,253208.0,386209.0
2025-06-18 11:24:45.232946,642.85,253208.0,386209.0
2025-06-18 11:24:46.310171,642.85,253054.0,386196.0
2025-06-18 11:24:49.483668,642.85,253054.0,386196.0
2025-06-18 11:24:50.569995,642.85,253054.0,386196.0
2025-06-18 11:24:51.477793,642.85,253054.0,386196.0
2025-06-18 11:24:51.519000,642.85,253189.0,386301.0
2025-06-18 11:24:52.407972,642.85,253189.0,386301.0
2025-06-18 11:24:53.237993,642.95,253189.0,386301.0
2025-06-18 11:24:53.300261,642.95,253189.0,386301.0
2025-06-18 11:24:54.042856,642.95,253189.0,386301.0
2025-06-18 11:24:55.061440,642.95,253189.0,386301.0
2025-06-18 11:24:55.313890,642.85,253189.0,386301.0
2025-06-18 11:24:55.635762,642.85,253189.0,386301.0
2025-06-18 11:24:56.050267,642.85,253189.0,386301.0
2025-06-18 11:24:56.224072,642.85,253193.0,386218.0
2025-06-18 11:24:56.526047,642.85,253193.0,386218.0
2025-06-18 11:24:57.233656,642.85,253193.0,386218.0
2025-06-18 11:24:57.781037,642.85,253193.0,386218.0
2025-06-18 11:24:59.025711,642.85,253193.0,386218.0
2025-06-18 11:24:59.240339,642.95,253193.0,386218.0
2025-06-18 11:24:59.900262,642.95,253193.0,386218.0
2025-06-18 11:25:01.022452,642.95,253194.0,386025.0
2025-06-18 11:25:01.282724,642.95,253194.0,386025.0
2025-06-18 11:25:02.413470,642.95,253194.0,386025.0
2025-06-18 11:25:03.545946,642.95,253194.0,386025.0
2025-06-18 11:25:05.011846,642.95,253194.0,386025.0
2025-06-18 11:25:05.247387,642.9,253194.0,386025.0
2025-06-18 11:25:06.133360,642.85,250154.0,387369.0
2025-06-18 11:25:07.238653,642.85,250154.0,387369.0
2025-06-18 11:25:09.232824,642.9,250154.0,387369.0
2025-06-18 11:25:11.268974,642.65,250154.0,387369.0
2025-06-18 11:25:11.731339,642.65,251742.0,387055.0
2025-06-18 11:25:17.142184,642.65,252020.0,387545.0
2025-06-18 11:25:22.438198,642.9,252036.0,387483.0
2025-06-18 11:25:23.370803,642.9,252036.0,387483.0
2025-06-18 11:25:27.236890,642.65,252036.0,387483.0
2025-06-18 11:25:27.516462,642.65,251915.0,387443.0
2025-06-18 11:25:32.340009,642.65,251969.0,387399.0
2025-06-18 11:25:35.248169,642.9,251969.0,387399.0
2025-06-18 11:25:37.235958,642.9,251969.0,387399.0
2025-06-18 11:25:37.449187,642.9,251877.0,387390.0
2025-06-18 11:25:41.230192,642.65,251877.0,387390.0
2025-06-18 11:25:42.250887,642.65,252014.0,387342.0
2025-06-18 11:25:43.236263,642.65,252014.0,387342.0
2025-06-18 11:25:46.950707,642.65,251993.0,387305.0
2025-06-18 11:25:52.253610,642.65,252011.0,387061.0
2025-06-18 11:25:53.241859,642.85,252011.0,387061.0
2025-06-18 11:25:57.247534,643.0,252011.0,387061.0
2025-06-18 11:25:57.451854,643.0,252256.0,387101.0
2025-06-18 11:26:02.759114,643.0,252177.0,387113.0
2025-06-18 11:26:05.257924,642.95,252177.0,387113.0
2025-06-18 11:26:07.239286,642.95,252177.0,387113.0
2025-06-18 11:26:07.858714,642.95,252198.0,387122.0
2025-06-18 11:26:11.436218,642.7,252198.0,387122.0
2025-06-18 11:26:12.767655,642.7,252388.0,387177.0
2025-06-18 11:26:15.253626,642.7,252388.0,387177.0
2025-06-18 11:26:17.571297,642.7,252504.0,387489.0
2025-06-18 11:26:22.469322,642.7,252298.0,386734.0
2025-06-18 11:26:23.272387,642.95,252298.0,386734.0
2025-06-18 11:26:27.255368,642.7,252298.0,386734.0
2025-06-18 11:26:27.370246,642.7,253456.0,385645.0
2025-06-18 11:26:31.239373,642.7,253456.0,385645.0
2025-06-18 11:26:32.372861,642.7,253320.0,387072.0
2025-06-18 11:26:35.266527,642.95,253320.0,387072.0
2025-06-18 11:26:37.080355,642.95,252338.0,386996.0
2025-06-18 11:26:39.276064,642.95,252338.0,386996.0
2025-06-18 11:26:41.247114,642.7,252338.0,386996.0
2025-06-18 11:26:42.280448,642.7,252343.0,386915.0
2025-06-18 11:26:43.264790,642.95,252343.0,386915.0
2025-06-18 11:26:47.243546,642.7,252343.0,386915.0
2025-06-18 11:26:47.482437,642.4,221035.0,388579.0
2025-06-18 11:26:49.242833,642.25,221035.0,388579.0
2025-06-18 11:26:52.488040,642.1,247593.0,390586.0
2025-06-18 11:26:53.246561,642.1,247593.0,390586.0
2025-06-18 11:26:55.244653,642.05,247593.0,390586.0
2025-06-18 11:26:57.238198,642.05,247593.0,390586.0
2025-06-18 11:26:57.490625,642.05,247490.0,391251.0
2025-06-18 11:26:59.254953,641.85,247490.0,391251.0
2025-06-18 11:27:01.237735,641.7,247490.0,391251.0
2025-06-18 11:27:01.899987,641.85,236859.0,389269.0
2025-06-18 11:27:02.237506,641.7,236859.0,389269.0
2025-06-18 11:27:02.796352,641.7,237042.0,390809.0
2025-06-18 11:27:03.894285,641.7,237042.0,390684.0
2025-06-18 11:27:04.254498,641.85,237042.0,390684.0
2025-06-18 11:27:04.802144,641.85,237258.0,390592.0
2025-06-18 11:27:05.245836,641.85,237258.0,390592.0
2025-06-18 11:27:06.396657,641.85,237351.0,389476.0
2025-06-18 11:27:07.400305,641.85,237353.0,389476.0
2025-06-18 11:27:08.254050,641.85,237353.0,389476.0
2025-06-18 11:27:08.496769,641.85,237787.0,389963.0
2025-06-18 11:27:09.602335,641.85,237549.0,389831.0
2025-06-18 11:27:10.244263,641.7,237549.0,389831.0
2025-06-18 11:27:10.599629,641.7,237440.0,389823.0
2025-06-18 11:27:11.252788,641.7,237440.0,389823.0
2025-06-18 11:27:11.722631,641.7,237333.0,390191.0
2025-06-18 11:27:12.232259,641.85,237333.0,390191.0
2025-06-18 11:27:12.801390,641.85,237382.0,389512.0
2025-06-18 11:27:13.802909,641.85,237479.0,389551.0
2025-06-18 11:27:14.247104,641.85,237479.0,389551.0
2025-06-18 11:27:14.804978,641.85,237498.0,389546.0
2025-06-18 11:27:16.001282,641.85,237494.0,389548.0
2025-06-18 11:27:18.214798,641.7,237471.0,389574.0
2025-06-18 11:27:18.275594,641.7,237471.0,389574.0
2025-06-18 11:27:20.480631,641.7,237603.0,389564.0
2025-06-18 11:27:20.487380,641.7,237601.0,389547.0
2025-06-18 11:27:21.305095,641.7,237603.0,389547.0
2025-06-18 11:27:22.304946,641.85,237471.0,389508.0
2025-06-18 11:27:23.279729,641.85,237471.0,389508.0
2025-06-18 11:27:23.308356,641.85,237471.0,389499.0
2025-06-18 11:27:24.310873,641.85,237472.0,389499.0
2025-06-18 11:27:25.305113,641.85,238161.0,387955.0
2025-06-18 11:27:26.272694,641.75,238161.0,387955.0
2025-06-18 11:27:26.308536,641.75,239260.0,389328.0
2025-06-18 11:27:27.308111,641.75,239278.0,389310.0
2025-06-18 11:27:28.306989,641.75,239278.0,389310.0
2025-06-18 11:27:29.313139,641.75,239293.0,389295.0
2025-06-18 11:27:30.279823,641.85,239293.0,389295.0
2025-06-18 11:27:30.308697,641.85,246672.0,387804.0
2025-06-18 11:27:31.409655,641.85,246667.0,387821.0
2025-06-18 11:27:32.511892,641.85,245936.0,389259.0
2025-06-18 11:27:33.509923,641.85,245918.0,389259.0
2025-06-18 11:27:34.243756,641.7,245918.0,389259.0
2025-06-18 11:27:34.612113,641.85,245899.0,389243.0
2025-06-18 11:27:35.255913,641.85,245899.0,389243.0
2025-06-18 11:27:35.717240,641.85,245803.0,389272.0
2025-06-18 11:27:36.811360,641.85,245984.0,389290.0
2025-06-18 11:27:37.239874,641.85,245984.0,389290.0
2025-06-18 11:27:37.912383,641.85,245984.0,389288.0
2025-06-18 11:27:40.614616,641.85,245843.0,389434.0
2025-06-18 11:27:41.246560,641.7,245843.0,389434.0
2025-06-18 11:27:41.726767,641.7,245154.0,390633.0
2025-06-18 11:27:43.316012,641.7,245423.0,392109.0
2025-06-18 11:27:44.417935,641.7,245423.0,392121.0
2025-06-18 11:27:45.321282,641.7,244081.0,390926.0
2025-06-18 11:27:46.241969,641.7,244081.0,390926.0
2025-06-18 11:27:46.419508,641.85,244420.0,390321.0
2025-06-18 11:27:47.240314,641.85,244420.0,390321.0
2025-06-18 11:27:47.520581,641.85,244439.0,390611.0
2025-06-18 11:27:48.618921,641.85,244541.0,392028.0
2025-06-18 11:27:49.618753,641.85,244723.0,390906.0
2025-06-18 11:27:49.913302,641.85,244723.0,390906.0
2025-06-18 11:27:50.619689,641.85,244724.0,392280.0
2025-06-18 11:27:50.999721,641.85,244724.0,392280.0
2025-06-18 11:27:51.914979,641.85,244724.0,392280.0
2025-06-18 11:27:52.622035,641.85,244724.0,392316.0
2025-06-18 11:27:52.843159,641.85,244724.0,392316.0
2025-06-18 11:27:53.241766,641.85,244724.0,392316.0
2025-06-18 11:27:53.623620,641.85,244739.0,392316.0
2025-06-18 11:27:53.759996,641.85,244739.0,392316.0
2025-06-18 11:27:54.485385,641.85,244739.0,392316.0
2025-06-18 11:27:54.622826,641.85,244739.0,392350.0
2025-06-18 11:27:55.498170,641.85,244739.0,392350.0
2025-06-18 11:27:55.622984,641.85,244703.0,392331.0
2025-06-18 11:27:56.063078,641.85,244703.0,392331.0
2025-06-18 11:27:56.239852,641.7,244703.0,392331.0
2025-06-18 11:27:56.466484,641.7,244703.0,392331.0
2025-06-18 11:27:56.622069,641.7,244538.0,392308.0
2025-06-18 11:27:56.950735,641.7,244538.0,392308.0
2025-06-18 11:27:57.328926,641.7,244538.0,392308.0
2025-06-18 11:27:57.525216,641.7,244538.0,392308.0
2025-06-18 11:27:58.254640,641.7,244538.0,392308.0
2025-06-18 11:27:58.267499,641.85,244538.0,392308.0
2025-06-18 11:27:58.623776,641.85,245829.0,390653.0
2025-06-18 11:27:59.452816,641.85,245829.0,390653.0
2025-06-18 11:27:59.624475,641.85,245914.0,392089.0
2025-06-18 11:28:00.314029,641.85,245914.0,392089.0
2025-06-18 11:28:00.734377,641.7,245693.0,392201.0
2025-06-18 11:28:01.241666,641.7,245693.0,392201.0
2025-06-18 11:28:01.716990,641.7,245693.0,392201.0
2025-06-18 11:28:02.850200,641.7,245693.0,392201.0
2025-06-18 11:28:03.981979,641.7,245693.0,392201.0
2025-06-18 11:28:04.229616,641.7,245695.0,392187.0
2025-06-18 11:28:05.243051,641.85,245695.0,392187.0
2025-06-18 11:28:05.598441,641.85,245695.0,392187.0
2025-06-18 11:28:07.243651,641.95,245695.0,392187.0
2025-06-18 11:28:10.483453,641.95,245865.0,392100.0
2025-06-18 11:28:10.490698,642.0,245865.0,392100.0
2025-06-18 11:28:11.245554,641.75,245865.0,392100.0
2025-06-18 11:28:13.832798,641.75,246307.0,391709.0
2025-06-18 11:28:17.267410,642.0,246307.0,391709.0
2025-06-18 11:28:18.837771,641.75,246489.0,391428.0
2025-06-18 11:28:19.246494,641.75,246489.0,391428.0
2025-06-18 11:28:23.250520,642.0,246489.0,391428.0
2025-06-18 11:28:24.339555,642.0,249544.0,389746.0
2025-06-18 11:28:25.250325,642.0,249544.0,389746.0
2025-06-18 11:28:27.248390,641.85,249544.0,389746.0
2025-06-18 11:28:29.251282,642.0,249544.0,389746.0
2025-06-18 11:28:29.541456,642.0,249495.0,389760.0
2025-06-18 11:28:33.250481,642.0,249495.0,389760.0
2025-06-18 11:28:34.448541,642.0,249520.0,389863.0
2025-06-18 11:28:35.249207,642.0,249520.0,389863.0
2025-06-18 11:28:39.250419,641.85,249520.0,389863.0
2025-06-18 11:28:39.348232,641.85,249366.0,389846.0
2025-06-18 11:28:41.250293,641.85,249366.0,389846.0
2025-06-18 11:28:44.455969,641.85,249209.0,389980.0
2025-06-18 11:28:47.344441,642.0,249209.0,389980.0
2025-06-18 11:28:49.246900,641.85,249209.0,389980.0
2025-06-18 11:28:49.460785,641.85,248804.0,390405.0
2025-06-18 11:28:53.249694,641.95,248804.0,390405.0
2025-06-18 11:28:54.364496,641.85,247334.0,391313.0
2025-06-18 11:28:55.249499,641.85,247334.0,391313.0
2025-06-18 11:28:57.267358,641.8,247334.0,391313.0
2025-06-18 11:28:59.066428,641.8,246959.0,391397.0
2025-06-18 11:29:03.776998,641.8,247201.0,391705.0
2025-06-18 11:29:05.278868,641.95,247201.0,391705.0
2025-06-18 11:29:07.254072,641.95,247201.0,391705.0
2025-06-18 11:29:08.568348,641.95,247745.0,391511.0
2025-06-18 11:29:11.270788,641.8,247745.0,391511.0
2025-06-18 11:29:13.870732,641.8,247520.0,391721.0
2025-06-18 11:29:19.187287,641.95,247785.0,391414.0
2025-06-18 11:29:19.261068,641.95,247785.0,391414.0
2025-06-18 11:29:21.255670,641.8,247785.0,391414.0
2025-06-18 11:29:23.254170,641.8,247785.0,391414.0
2025-06-18 11:29:24.480388,641.8,247295.0,392109.0
2025-06-18 11:29:25.269621,641.8,247295.0,392109.0
2025-06-18 11:29:27.250375,641.8,247295.0,392109.0
2025-06-18 11:29:29.782577,641.8,247264.0,392200.0
2025-06-18 11:29:31.248206,641.8,247264.0,392200.0
2025-06-18 11:29:33.258324,641.85,247264.0,392200.0
2025-06-18 11:29:35.086165,641.8,244529.0,393062.0
2025-06-18 11:29:35.261080,641.8,244529.0,393062.0
2025-06-18 11:29:40.489482,641.85,244909.0,393249.0
2025-06-18 11:29:41.262639,641.8,244909.0,393249.0
2025-06-18 11:29:43.251504,641.8,244909.0,393249.0
2025-06-18 11:29:45.252893,641.95,244909.0,393249.0
2025-06-18 11:29:45.591895,641.95,245133.0,392705.0
2025-06-18 11:29:49.246970,641.95,245133.0,392705.0
2025-06-18 11:29:50.297055,641.95,246762.0,389720.0
2025-06-18 11:29:51.250749,641.95,246762.0,389720.0
2025-06-18 11:29:53.248501,641.85,246762.0,389720.0
2025-06-18 11:29:55.221756,641.85,246377.0,391739.0
2025-06-18 11:29:57.268828,641.65,246377.0,391739.0
2025-06-18 11:29:59.252123,641.65,246377.0,391739.0
2025-06-18 11:30:00.506822,641.55,246649.0,391650.0
2025-06-18 11:30:01.250300,641.55,246649.0,391650.0
2025-06-18 11:30:04.253440,641.65,246649.0,391650.0
2025-06-18 11:30:05.609335,641.75,236519.0,393286.0
2025-06-18 11:30:07.255627,641.7,236519.0,393286.0
2025-06-18 11:30:10.252504,641.5,236519.0,393286.0
2025-06-18 11:30:11.110396,641.5,236351.0,394904.0
2025-06-18 11:30:13.258268,641.7,236351.0,394904.0
2025-06-18 11:30:16.255842,641.5,236351.0,394904.0
2025-06-18 11:30:16.613552,641.5,236355.0,394850.0
2025-06-18 11:30:19.257057,641.45,236355.0,394850.0
2025-06-18 11:30:21.916954,641.5,237230.0,393793.0
2025-06-18 11:30:22.251002,641.5,237230.0,393793.0
2025-06-18 11:30:25.273750,641.5,237230.0,393793.0
2025-06-18 11:30:27.623664,641.4,237220.0,395118.0
2025-06-18 11:30:28.252222,641.4,237220.0,395118.0
2025-06-18 11:30:31.253090,641.4,237220.0,395118.0
2025-06-18 11:30:32.730243,641.4,237208.0,395183.0
2025-06-18 11:30:35.269358,641.5,237208.0,395183.0
2025-06-18 11:30:37.315194,641.35,237208.0,395183.0
2025-06-18 11:30:37.926045,641.5,237161.0,395221.0
2025-06-18 11:30:39.273652,641.5,237161.0,395221.0
2025-06-18 11:30:41.276192,641.35,237161.0,395221.0
2025-06-18 11:30:43.238286,641.35,237135.0,395170.0
2025-06-18 11:30:45.276800,641.4,237135.0,395170.0
2025-06-18 11:30:47.290224,641.5,237135.0,395170.0
2025-06-18 11:30:48.734118,641.5,244695.0,395080.0
2025-06-18 11:30:50.332631,641.5,244695.0,395080.0
2025-06-18 11:30:51.424212,641.5,244695.0,395080.0
2025-06-18 11:30:52.346518,641.5,244695.0,395080.0
2025-06-18 11:30:53.262514,641.5,244695.0,395080.0
2025-06-18 11:30:53.288237,641.5,244695.0,395080.0
2025-06-18 11:30:53.747322,641.5,244536.0,395030.0
2025-06-18 11:30:54.158731,641.5,244536.0,395030.0
2025-06-18 11:30:55.974297,641.5,244536.0,395030.0
2025-06-18 11:30:56.540468,641.5,244536.0,395030.0
2025-06-18 11:30:57.266133,641.45,244536.0,395030.0
2025-06-18 11:30:57.449401,641.45,244536.0,395030.0
2025-06-18 11:30:58.713040,641.45,244536.0,395030.0
2025-06-18 11:30:58.842811,641.45,244614.0,395261.0
2025-06-18 11:30:59.955004,641.45,244614.0,395261.0
2025-06-18 11:31:00.815308,641.45,244614.0,395261.0
2025-06-18 11:31:01.264051,641.5,244614.0,395261.0
2025-06-18 11:31:02.225459,641.5,244614.0,395261.0
2025-06-18 11:31:03.349601,641.5,244614.0,395261.0
2025-06-18 11:31:03.548067,641.5,244854.0,395030.0
2025-06-18 11:31:04.492970,641.5,244854.0,395030.0
2025-06-18 11:31:05.268707,641.5,244854.0,395030.0
2025-06-18 11:31:05.966534,641.5,244854.0,395030.0
2025-06-18 11:31:07.280570,641.45,244854.0,395030.0
2025-06-18 11:31:08.551833,641.5,244971.0,394981.0
2025-06-18 11:31:09.258650,640.95,244971.0,394981.0
2025-06-18 11:31:11.298091,641.35,244971.0,394981.0
2025-06-18 11:31:13.755896,641.4,244556.0,396061.0
2025-06-18 11:31:15.262673,641.2,244556.0,396061.0
2025-06-18 11:31:18.962176,641.4,244348.0,395211.0
2025-06-18 11:31:19.465418,641.15,244348.0,395211.0
2025-06-18 11:31:23.274324,641.3,244348.0,395211.0
2025-06-18 11:31:24.365433,641.05,243699.0,396436.0
2025-06-18 11:31:25.270761,641.3,243699.0,396436.0
2025-06-18 11:31:27.260381,641.1,243699.0,396436.0
2025-06-18 11:31:29.867411,641.1,243847.0,395310.0
2025-06-18 11:31:35.180328,641.15,244437.0,395744.0
2025-06-18 11:31:35.269778,641.15,244437.0,395744.0
2025-06-18 11:31:37.263371,641.15,244437.0,395744.0
2025-06-18 11:31:39.316088,641.35,244437.0,395744.0
2025-06-18 11:31:40.183663,641.35,249541.0,393360.0
2025-06-18 11:31:41.266665,641.3,249541.0,393360.0
2025-06-18 11:31:43.275368,641.5,249541.0,393360.0
2025-06-18 11:31:45.275605,641.5,249541.0,393360.0
2025-06-18 11:31:45.382779,641.5,248743.0,393287.0
2025-06-18 11:31:47.313468,641.5,248743.0,393287.0
2025-06-18 11:31:50.258021,641.3,248743.0,393287.0
2025-06-18 11:31:50.389140,641.3,250098.0,393577.0
2025-06-18 11:31:53.273890,641.5,250098.0,393577.0
2025-06-18 11:31:55.391167,641.5,250486.0,392611.0
2025-06-18 11:31:57.449216,641.3,250486.0,392611.0
2025-06-18 11:32:00.493997,641.3,250376.0,392715.0
2025-06-18 11:32:04.293933,641.5,250376.0,392715.0
2025-06-18 11:32:05.301913,641.5,240657.0,394031.0
2025-06-18 11:32:06.257627,641.5,240657.0,394031.0
2025-06-18 11:32:10.265783,641.25,240657.0,394031.0
2025-06-18 11:32:11.214125,641.25,246200.0,395679.0
2025-06-18 11:32:15.278448,641.3,246200.0,395679.0
2025-06-18 11:32:17.237835,641.3,245341.0,396129.0
2025-06-18 11:32:21.264472,641.3,245341.0,396129.0
2025-06-18 11:32:22.617304,641.3,244707.0,396622.0
2025-06-18 11:32:24.271950,641.35,244707.0,396622.0
2025-06-18 11:32:27.268393,641.25,244707.0,396622.0
2025-06-18 11:32:28.421158,641.25,246511.0,395175.0
2025-06-18 11:32:30.262763,641.1,246511.0,395175.0
2025-06-18 11:32:33.265473,641.1,246511.0,395175.0
2025-06-18 11:32:34.125773,641.1,247810.0,396304.0
2025-06-18 11:32:36.273297,641.1,247810.0,396304.0
2025-06-18 11:32:39.260970,641.25,247810.0,396304.0
2025-06-18 11:32:40.031563,641.25,248529.0,396581.0
2025-06-18 11:32:42.265755,641.25,248529.0,396581.0
2025-06-18 11:32:45.265415,641.25,248529.0,396581.0
2025-06-18 11:32:45.632388,641.25,248388.0,396570.0
2025-06-18 11:32:48.274313,641.25,248388.0,396570.0
2025-06-18 11:32:50.835867,641.25,247961.0,396783.0
2025-06-18 11:32:54.264545,641.1,247961.0,396783.0
2025-06-18 11:32:55.992510,641.35,249069.0,396323.0
2025-06-18 11:32:57.280696,641.15,249069.0,396323.0
2025-06-18 11:33:01.338126,641.15,247903.0,396319.0
2025-06-18 11:33:06.260549,641.4,247903.0,396319.0
2025-06-18 11:33:06.741439,641.4,247797.0,396590.0
2025-06-18 11:33:09.264558,641.35,247797.0,396590.0
2025-06-18 11:33:12.271298,641.1,247797.0,396590.0
2025-06-18 11:33:12.344011,641.1,247055.0,395719.0
2025-06-18 11:33:15.266994,641.1,247055.0,395719.0
2025-06-18 11:33:17.551569,641.1,247388.0,395634.0
2025-06-18 11:33:21.272426,641.05,247388.0,395634.0
2025-06-18 11:33:22.747893,641.35,247904.0,395498.0
2025-06-18 11:33:24.267542,641.35,247904.0,395498.0
2025-06-18 11:33:27.279306,641.2,247904.0,395498.0
2025-06-18 11:33:28.162291,641.2,244126.0,397194.0
2025-06-18 11:33:30.275864,641.3,244126.0,397194.0
2025-06-18 11:33:33.954242,641.3,245297.0,397342.0
2025-06-18 11:33:36.265452,640.9,245297.0,397342.0
2025-06-18 11:33:39.272535,640.65,245297.0,397342.0
2025-06-18 11:33:39.958695,640.65,232547.0,401053.0
2025-06-18 11:33:42.269283,640.65,232547.0,401053.0
2025-06-18 11:33:45.962382,640.65,243649.0,400168.0
2025-06-18 11:33:51.094344,640.65,243649.0,400168.0
2025-06-18 11:33:51.274820,640.95,243649.0,400168.0
2025-06-18 11:33:51.666360,640.95,242434.0,399416.0
2025-06-18 11:33:52.224395,640.95,242434.0,399416.0
2025-06-18 11:33:53.148326,640.95,242434.0,399416.0
2025-06-18 11:33:54.101002,640.95,242434.0,399416.0
2025-06-18 11:33:54.300114,641.05,242434.0,399416.0
2025-06-18 11:33:54.984833,641.05,242434.0,399416.0
2025-06-18 11:33:55.792376,641.05,242434.0,399416.0
2025-06-18 11:33:56.891707,641.05,242434.0,399416.0
2025-06-18 11:33:57.266886,640.9,242434.0,399416.0
2025-06-18 11:33:57.370230,640.9,245314.0,398454.0
2025-06-18 11:33:57.466915,640.9,245314.0,398454.0
2025-06-18 11:33:58.365082,640.9,245314.0,398454.0
2025-06-18 11:33:59.617203,640.9,245314.0,398454.0
2025-06-18 11:34:00.273817,641.05,245314.0,398454.0
2025-06-18 11:34:00.875272,641.05,245314.0,398454.0
2025-06-18 11:34:01.749214,641.05,245314.0,398454.0
2025-06-18 11:34:03.135605,641.05,245314.0,398454.0
2025-06-18 11:34:03.375566,641.05,246632.0,397409.0
2025-06-18 11:34:04.272820,641.05,246632.0,397409.0
2025-06-18 11:34:05.515334,641.05,246632.0,397409.0
2025-06-18 11:34:06.297944,641.2,246632.0,397409.0
2025-06-18 11:34:06.876586,641.2,246632.0,397409.0
2025-06-18 11:34:08.980194,640.7,244947.0,399132.0
2025-06-18 11:34:09.274076,640.7,244947.0,399132.0
2025-06-18 11:34:12.287078,640.7,244947.0,399132.0
2025-06-18 11:34:14.318258,640.7,245137.0,399134.0
2025-06-18 11:34:15.280472,640.7,245137.0,399134.0
2025-06-18 11:34:19.487939,641.0,245363.0,398853.0
2025-06-18 11:34:21.285870,641.0,245363.0,398853.0
2025-06-18 11:34:24.291320,641.05,245363.0,398853.0
2025-06-18 11:34:24.791725,641.05,245525.0,398586.0
2025-06-18 11:34:27.286878,640.8,245525.0,398586.0
2025-06-18 11:34:30.199879,640.8,245196.0,398523.0
2025-06-18 11:34:30.302660,640.8,245196.0,398523.0
2025-06-18 11:34:35.395744,641.05,245571.0,398470.0
2025-06-18 11:34:37.432814,641.05,245571.0,398470.0
2025-06-18 11:34:40.308383,641.05,246440.0,398522.0
2025-06-18 11:34:41.282019,640.8,246440.0,398522.0
2025-06-18 11:34:45.104094,640.8,244750.0,399037.0
2025-06-18 11:34:47.284011,640.8,244750.0,399037.0
2025-06-18 11:34:50.607703,640.8,245130.0,398059.0
2025-06-18 11:34:54.295180,641.05,245130.0,398059.0
2025-06-18 11:34:56.012882,641.05,245837.0,397975.0
2025-06-18 11:34:57.304136,640.8,245837.0,397975.0
2025-06-18 11:35:00.521217,641.05,245837.0,397975.0
2025-06-18 11:35:01.313691,641.05,247740.0,395944.0
2025-06-18 11:35:07.016187,641.15,246403.0,396850.0
2025-06-18 11:35:07.327341,641.2,246403.0,396850.0
2025-06-18 11:35:09.282070,641.15,246403.0,396850.0
2025-06-18 11:35:11.289875,640.85,246403.0,396850.0
2025-06-18 11:35:12.817054,640.85,246765.0,397207.0
2025-06-18 11:35:14.324509,641.15,246765.0,397207.0
2025-06-18 11:35:18.421969,640.85,246500.0,396349.0
2025-06-18 11:35:19.333680,640.85,246500.0,396349.0
2025-06-18 11:35:23.288597,641.05,246500.0,396349.0
2025-06-18 11:35:24.125272,641.05,246782.0,396182.0
2025-06-18 11:35:27.300996,640.85,246782.0,396182.0
2025-06-18 11:35:30.029077,640.85,246724.0,396130.0
2025-06-18 11:35:33.282423,641.05,246724.0,396130.0
2025-06-18 11:35:35.628784,641.05,246468.0,395538.0
2025-06-18 11:35:36.284935,641.05,246468.0,395538.0
2025-06-18 11:35:39.280343,641.25,246468.0,395538.0
2025-06-18 11:35:41.749409,640.95,248360.0,395209.0
2025-06-18 11:35:42.320808,640.95,248360.0,395209.0
2025-06-18 11:35:47.748402,640.95,245234.0,396027.0
2025-06-18 11:35:51.272659,640.95,245234.0,396027.0
2025-06-18 11:35:53.346724,640.95,243792.0,398591.0
2025-06-18 11:35:54.275254,640.95,243792.0,398591.0
2025-06-18 11:35:57.292705,640.8,243792.0,398591.0
2025-06-18 11:35:59.047630,640.9,246123.0,396363.0
2025-06-18 11:36:00.280542,640.8,246123.0,396363.0
2025-06-18 11:36:01.279876,641.1,246123.0,396363.0
2025-06-18 11:36:01.649187,641.1,246107.0,397818.0
2025-06-18 11:36:02.750670,641.1,245693.0,396252.0
2025-06-18 11:36:03.276034,641.1,245693.0,396252.0
2025-06-18 11:36:03.849407,641.1,245884.0,397678.0
2025-06-18 11:36:04.947938,641.1,246427.0,397740.0
2025-06-18 11:36:05.273505,641.1,246427.0,397740.0
2025-06-18 11:36:05.948929,641.1,246463.0,397624.0
2025-06-18 11:36:06.849267,641.1,247081.0,395972.0
2025-06-18 11:36:07.852549,641.1,247206.0,397461.0
2025-06-18 11:36:09.591188,641.1,247206.0,397461.0
2025-06-18 11:36:09.623389,641.1,247078.0,394602.0
2025-06-18 11:36:10.055390,641.1,248482.0,395481.0
2025-06-18 11:36:11.158314,640.95,248451.0,395411.0
2025-06-18 11:36:11.274554,640.95,248451.0,395411.0
2025-06-18 11:36:12.257920,640.95,248530.0,394026.0
2025-06-18 11:36:13.159566,640.95,248654.0,395192.0
2025-06-18 11:36:14.266225,640.95,248857.0,394927.0
2025-06-18 11:36:15.362170,640.95,248938.0,394602.0
2025-06-18 11:36:16.456632,640.95,249111.0,394513.0
2025-06-18 11:36:17.457803,640.95,248927.0,394763.0
2025-06-18 11:36:18.557455,640.95,248728.0,394786.0
2025-06-18 11:36:19.456151,640.95,249013.0,394543.0
2025-06-18 11:36:20.556038,640.95,249155.0,394616.0
2025-06-18 11:36:21.556242,640.95,248971.0,394683.0
2025-06-18 11:36:22.284187,641.3,248971.0,394683.0
2025-06-18 11:36:22.662083,641.3,248556.0,393716.0
2025-06-18 11:36:23.764350,641.3,248696.0,393751.0
2025-06-18 11:36:24.767060,641.3,249300.0,391539.0
2025-06-18 11:36:25.858641,641.5,249557.0,392677.0
2025-06-18 11:36:26.277366,641.5,249557.0,392677.0
2025-06-18 11:36:26.959247,641.1,249831.0,392564.0
2025-06-18 11:36:27.287599,641.1,249831.0,392564.0
2025-06-18 11:36:28.058450,641.1,249883.0,392763.0
2025-06-18 11:36:29.174495,641.1,249420.0,392915.0
2025-06-18 11:36:30.264200,641.1,249664.0,392974.0
2025-06-18 11:36:31.270905,641.1,249683.0,393008.0
2025-06-18 11:36:32.359404,641.1,249730.0,393017.0
2025-06-18 11:36:33.461938,641.1,249782.0,393097.0
2025-06-18 11:36:34.562215,641.1,249774.0,393096.0
2025-06-18 11:36:35.286115,641.4,249774.0,393096.0
2025-06-18 11:36:35.667444,641.4,249763.0,393050.0
2025-06-18 11:36:36.667102,641.4,249749.0,393050.0
2025-06-18 11:36:37.277181,641.4,249749.0,393050.0
2025-06-18 11:36:37.763943,641.4,249155.0,392968.0
2025-06-18 11:36:38.768817,641.4,249197.0,392975.0
2025-06-18 11:36:39.864012,641.4,249300.0,393001.0
2025-06-18 11:36:40.765861,641.4,249300.0,393001.0
2025-06-18 11:36:41.283910,641.15,249300.0,393001.0
2025-06-18 11:36:41.867359,641.15,247523.0,393785.0
2025-06-18 11:36:42.280105,641.35,247523.0,393785.0
2025-06-18 11:36:43.068970,641.35,247730.0,393891.0
2025-06-18 11:36:44.071087,641.3,247785.0,393994.0
2025-06-18 11:36:44.275765,641.3,247785.0,393994.0
2025-06-18 11:36:46.068480,641.3,247782.0,393994.0
2025-06-18 11:36:47.672023,641.3,247645.0,393652.0
2025-06-18 11:36:48.673180,641.15,248130.0,393805.0
2025-06-18 11:36:49.277077,641.15,248130.0,393805.0
2025-06-18 11:36:49.768387,641.15,247342.0,394318.0
2025-06-18 11:36:50.871965,641.3,247924.0,394306.0
2025-06-18 11:36:51.324818,641.3,247924.0,394306.0
2025-06-18 11:36:51.345350,641.3,247924.0,394306.0
2025-06-18 11:36:51.770270,641.3,247843.0,394300.0
2025-06-18 11:36:52.455185,641.3,247843.0,394300.0
2025-06-18 11:36:52.781749,641.3,247845.0,394360.0
2025-06-18 11:36:53.277230,641.3,247845.0,394360.0
2025-06-18 11:36:53.392460,641.3,247845.0,394360.0
2025-06-18 11:36:53.873993,641.3,247748.0,394246.0
2025-06-18 11:36:54.339741,641.3,247748.0,394246.0
2025-06-18 11:36:54.969054,641.3,247619.0,394267.0
2025-06-18 11:36:55.232393,641.3,247619.0,394267.0
2025-06-18 11:36:56.031317,641.3,247619.0,394267.0
2025-06-18 11:36:56.073335,641.3,247866.0,394293.0
2025-06-18 11:36:56.281855,641.05,247866.0,394293.0
2025-06-18 11:36:57.071708,641.05,247865.0,392762.0
2025-06-18 11:36:57.106945,641.05,247865.0,392762.0
2025-06-18 11:36:58.077342,641.05,247865.0,392762.0
2025-06-18 11:36:58.178741,641.05,247891.0,394119.0
2025-06-18 11:36:58.560621,641.05,247891.0,394119.0
2025-06-18 11:36:59.181006,641.05,247852.0,394140.0
2025-06-18 11:36:59.818120,641.05,247852.0,394140.0
2025-06-18 11:37:00.188011,641.05,247764.0,394358.0
2025-06-18 11:37:01.075137,641.05,247764.0,394358.0
2025-06-18 11:37:01.574716,641.05,247405.0,394269.0
2025-06-18 11:37:01.942924,641.05,247405.0,394269.0
2025-06-18 11:37:02.575721,641.05,247648.0,394314.0
2025-06-18 11:37:03.354999,641.05,247648.0,394314.0
2025-06-18 11:37:03.677282,641.05,247741.0,394332.0
2025-06-18 11:37:04.485320,641.05,247741.0,394332.0
2025-06-18 11:37:04.777469,641.3,248226.0,392815.0
2025-06-18 11:37:05.282884,641.3,248226.0,392815.0
2025-06-18 11:37:05.692545,641.3,248226.0,392815.0
2025-06-18 11:37:05.779683,641.3,248431.0,392993.0
2025-06-18 11:37:06.779507,641.3,248357.0,393013.0
2025-06-18 11:37:07.108864,641.3,248357.0,393013.0
2025-06-18 11:37:07.278486,641.45,248357.0,393013.0
2025-06-18 11:37:07.680450,641.5,248455.0,392942.0
2025-06-18 11:37:08.280907,641.5,248455.0,392942.0
2025-06-18 11:37:08.679402,641.5,248573.0,393014.0
2025-06-18 11:37:09.681050,641.5,248521.0,392907.0
2025-06-18 11:37:10.684246,641.5,248843.0,392893.0
2025-06-18 11:37:11.310009,641.15,248843.0,392893.0
2025-06-18 11:37:11.680873,641.15,247866.0,393135.0
2025-06-18 11:37:12.782014,641.15,247926.0,393146.0
2025-06-18 11:37:13.785131,641.15,247896.0,393126.0
2025-06-18 11:37:14.783527,641.15,247897.0,393126.0
2025-06-18 11:37:15.277936,641.1,247897.0,393126.0
2025-06-18 11:37:15.781834,641.1,249265.0,393204.0
2025-06-18 11:37:16.884023,641.1,250180.0,392968.0
2025-06-18 11:37:17.887167,641.1,250361.0,392742.0
2025-06-18 11:37:18.987609,641.1,250275.0,392784.0
2025-06-18 11:37:20.087503,641.1,250089.0,392858.0
2025-06-18 11:37:21.187730,641.1,250329.0,392813.0
2025-06-18 11:37:22.591049,641.45,250156.0,392825.0
2025-06-18 11:37:23.319008,641.45,250156.0,392825.0
2025-06-18 11:37:23.689013,641.45,250203.0,392825.0
2025-06-18 11:37:24.789659,641.45,250233.0,392825.0
2025-06-18 11:37:25.890356,641.45,250111.0,392825.0
2025-06-18 11:37:26.282431,641.2,250111.0,392825.0
2025-06-18 11:37:26.891768,641.2,250218.0,392770.0
2025-06-18 11:37:27.895694,641.2,250217.0,392814.0
2025-06-18 11:37:28.893073,641.2,249878.0,393046.0
2025-06-18 11:37:29.893456,641.2,250023.0,393074.0
2025-06-18 11:37:30.277148,641.2,250023.0,393074.0
2025-06-18 11:37:30.893151,641.2,250058.0,393052.0
2025-06-18 11:37:31.895285,641.2,250058.0,393052.0
2025-06-18 11:37:32.901599,641.45,250050.0,392891.0
2025-06-18 11:37:33.283247,641.45,250050.0,392891.0
2025-06-18 11:37:33.896701,641.45,250048.0,393762.0
2025-06-18 11:37:34.897639,641.45,250062.0,393722.0
2025-06-18 11:37:35.284092,641.45,250062.0,393722.0
2025-06-18 11:37:37.442515,641.45,250278.0,393560.0
2025-06-18 11:37:37.497670,641.45,250397.0,393439.0
2025-06-18 11:37:37.500448,641.45,250397.0,393439.0
2025-06-18 11:37:37.900258,641.45,250392.0,393452.0
2025-06-18 11:37:39.000155,641.45,250440.0,393768.0
2025-06-18 11:37:39.284092,641.45,250440.0,393768.0
2025-06-18 11:37:40.002293,641.45,250514.0,393954.0
2025-06-18 11:37:41.012497,641.5,250389.0,393653.0
2025-06-18 11:37:41.289082,641.25,250389.0,393653.0
2025-06-18 11:37:42.003404,641.5,250393.0,393590.0
2025-06-18 11:37:42.277221,641.5,250393.0,393590.0
2025-06-18 11:37:43.106637,641.5,250814.0,393626.0
2025-06-18 11:37:45.134793,641.5,250539.0,393671.0
2025-06-18 11:37:45.206111,641.5,250496.0,393671.0
2025-06-18 11:37:46.311898,641.5,250536.0,393653.0
2025-06-18 11:37:47.208642,641.5,250631.0,393605.0
2025-06-18 11:37:48.308473,641.5,250623.0,393622.0
2025-06-18 11:37:49.313854,641.5,250318.0,393777.0
2025-06-18 11:37:50.407017,641.5,250356.0,393777.0
2025-06-18 11:37:51.284048,641.5,250356.0,393777.0
2025-06-18 11:37:51.507688,641.5,251180.0,392828.0
2025-06-18 11:37:52.282124,641.5,251180.0,392828.0
2025-06-18 11:37:52.608370,641.5,251182.0,392898.0
2025-06-18 11:37:53.708803,641.5,251230.0,392971.0
2025-06-18 11:37:54.284786,641.5,251230.0,392971.0
2025-06-18 11:37:54.610892,641.5,251393.0,392867.0
2025-06-18 11:37:55.715971,641.55,246429.0,388325.0
2025-06-18 11:37:56.282329,641.55,246429.0,388325.0
2025-06-18 11:37:56.810849,641.55,246082.0,388543.0
2025-06-18 11:37:57.913434,641.65,255390.0,390107.0
2025-06-18 11:37:58.287809,641.65,255390.0,390107.0
2025-06-18 11:37:59.011281,641.65,255315.0,390150.0
2025-06-18 11:38:00.013045,641.65,255258.0,388795.0
2025-06-18 11:38:02.622716,641.8,254792.0,387858.0
2025-06-18 11:38:04.295157,642.0,254792.0,387858.0
2025-06-18 11:38:07.285532,641.95,254792.0,387858.0
2025-06-18 11:38:08.224085,641.95,254781.0,389812.0
2025-06-18 11:38:08.297573,641.95,254781.0,389812.0
2025-06-18 11:38:12.286691,641.55,254781.0,389812.0
2025-06-18 11:38:13.922208,641.55,253630.0,389627.0
2025-06-18 11:38:14.309293,641.6,253630.0,389627.0
2025-06-18 11:38:19.330349,641.6,254035.0,389596.0
2025-06-18 11:38:22.289371,641.9,254035.0,389596.0
2025-06-18 11:38:24.530255,641.9,254142.0,389814.0
2025-06-18 11:38:26.314393,641.6,254142.0,389814.0
2025-06-18 11:38:29.747474,641.6,254182.0,389632.0
2025-06-18 11:38:30.302631,641.6,254182.0,389632.0
2025-06-18 11:38:34.291956,641.9,254182.0,389632.0
2025-06-18 11:38:35.258637,641.9,254124.0,389610.0
2025-06-18 11:38:36.292758,641.9,254124.0,389610.0
2025-06-18 11:38:38.294466,641.9,254124.0,389610.0
2025-06-18 11:38:40.443689,641.9,254112.0,389781.0
2025-06-18 11:38:42.295722,641.6,254112.0,389781.0
2025-06-18 11:38:45.545213,641.6,254590.0,388321.0
2025-06-18 11:38:46.297181,641.65,254590.0,388321.0
2025-06-18 11:38:48.296925,641.65,254590.0,388321.0
2025-06-18 11:38:50.651879,641.65,241491.0,389706.0
2025-06-18 11:38:54.297264,641.9,241491.0,389706.0
2025-06-18 11:38:55.655558,641.9,255132.0,389865.0
2025-06-18 11:38:57.479990,641.65,255132.0,389865.0
2025-06-18 11:38:58.298607,641.95,255132.0,389865.0
2025-06-18 11:39:00.293513,641.95,255132.0,389865.0
2025-06-18 11:39:00.661703,641.95,255335.0,390145.0
2025-06-18 11:39:05.302326,641.95,255335.0,390145.0
2025-06-18 11:39:05.462701,641.95,255224.0,390178.0
2025-06-18 11:39:08.312210,641.95,255224.0,390178.0
2025-06-18 11:39:11.269422,641.65,255046.0,390207.0
2025-06-18 11:39:12.297322,641.65,255046.0,390207.0
2025-06-18 11:39:17.523875,641.65,254864.0,390204.0
2025-06-18 11:39:18.299094,641.65,254864.0,390204.0
2025-06-18 11:39:21.292775,641.9,254864.0,390204.0
2025-06-18 11:39:22.303215,641.9,254864.0,390204.0
2025-06-18 11:39:22.370411,641.9,254865.0,390393.0
2025-06-18 11:39:27.293768,641.65,254865.0,390393.0
2025-06-18 11:39:27.573293,641.65,254903.0,390416.0
2025-06-18 11:39:32.681758,641.65,254597.0,390450.0
2025-06-18 11:39:34.303397,641.65,254597.0,390450.0
2025-06-18 11:39:36.298585,641.9,254597.0,390450.0
2025-06-18 11:39:38.082815,641.95,254148.0,390508.0
2025-06-18 11:39:38.295337,641.95,254148.0,390508.0
2025-06-18 11:39:40.294901,641.95,254148.0,390508.0
2025-06-18 11:39:42.295005,641.65,254148.0,390508.0
2025-06-18 11:39:43.285029,641.65,254218.0,390588.0
2025-06-18 11:39:44.306142,641.65,254218.0,390588.0
2025-06-18 11:39:48.484859,641.65,254796.0,390604.0
2025-06-18 11:39:50.303713,641.65,254796.0,390604.0
2025-06-18 11:39:51.766849,641.65,254796.0,390604.0
2025-06-18 11:39:52.302896,641.9,254796.0,390604.0
2025-06-18 11:39:53.287738,641.9,254796.0,390604.0
2025-06-18 11:39:53.993028,641.9,254499.0,390507.0
2025-06-18 11:39:54.218820,641.9,254499.0,390507.0
2025-06-18 11:39:54.299772,641.9,254499.0,390507.0
2025-06-18 11:39:55.178764,641.9,254499.0,390507.0
2025-06-18 11:39:56.053517,641.9,254499.0,390507.0
2025-06-18 11:39:56.299655,641.65,254499.0,390507.0
2025-06-18 11:39:56.860326,641.65,254499.0,390507.0
2025-06-18 11:39:57.929444,641.65,254499.0,390507.0
2025-06-18 11:39:58.501818,641.65,254499.0,390507.0
2025-06-18 11:39:59.395180,641.65,254556.0,390512.0
2025-06-18 11:39:59.435235,641.65,254556.0,390512.0
2025-06-18 11:40:00.671147,641.65,254556.0,390512.0
2025-06-18 11:40:01.927897,641.65,254556.0,390512.0
2025-06-18 11:40:02.797317,641.65,254556.0,390512.0
2025-06-18 11:40:04.196944,641.65,254556.0,390512.0
2025-06-18 11:40:04.396294,641.65,254565.0,390433.0
2025-06-18 11:40:05.337070,641.65,254565.0,390433.0
2025-06-18 11:40:06.299889,641.65,254565.0,390433.0
2025-06-18 11:40:06.478054,641.65,254565.0,390433.0
2025-06-18 11:40:07.985402,641.65,254565.0,390433.0
2025-06-18 11:40:08.298613,641.9,254565.0,390433.0
2025-06-18 11:40:09.600776,641.9,254710.0,390437.0
2025-06-18 11:40:12.306383,641.65,254710.0,390437.0
2025-06-18 11:40:14.599104,641.65,255261.0,390053.0
2025-06-18 11:40:19.903438,641.65,255322.0,390133.0
2025-06-18 11:40:22.301664,641.65,255322.0,390133.0
2025-06-18 11:40:24.305503,641.85,255322.0,390133.0
2025-06-18 11:40:25.411059,641.85,255274.0,390164.0
2025-06-18 11:40:27.297004,641.65,255274.0,390164.0
2025-06-18 11:40:31.012390,641.65,255309.0,389960.0
2025-06-18 11:40:36.302448,641.85,255309.0,389960.0
2025-06-18 11:40:36.419898,641.85,255198.0,389702.0
2025-06-18 11:40:38.302889,641.85,255198.0,389702.0
2025-06-18 11:40:40.313444,641.45,255198.0,389702.0
2025-06-18 11:40:41.723186,641.25,242979.0,392266.0
2025-06-18 11:40:42.310446,641.25,242979.0,392266.0
2025-06-18 11:40:45.297718,641.6,242979.0,392266.0
2025-06-18 11:40:46.303947,641.7,242979.0,392266.0
2025-06-18 11:40:47.224750,641.7,245848.0,391190.0
2025-06-18 11:40:50.327600,641.6,245848.0,391190.0
2025-06-18 11:40:52.308974,641.6,245848.0,391190.0
2025-06-18 11:40:52.337644,641.6,245462.0,389585.0
2025-06-18 11:40:54.306235,641.65,245462.0,389585.0
2025-06-18 11:40:57.301155,641.4,245462.0,389585.0
2025-06-18 11:40:57.832013,641.4,243532.0,391914.0
2025-06-18 11:41:00.303034,641.4,243532.0,391914.0
2025-06-18 11:41:01.741928,641.4,243849.0,392467.0
2025-06-18 11:41:02.834700,641.4,243870.0,392484.0
2025-06-18 11:41:03.835742,641.4,243903.0,392405.0
2025-06-18 11:41:04.833800,641.4,244093.0,392172.0
2025-06-18 11:41:05.302760,641.4,244093.0,392172.0
2025-06-18 11:41:05.935942,641.4,244054.0,392299.0
2025-06-18 11:41:07.036150,641.4,244184.0,392346.0
2025-06-18 11:41:08.136252,641.4,244346.0,392552.0
2025-06-18 11:41:08.303124,641.4,244346.0,392552.0
2025-06-18 11:41:09.243683,641.45,246266.0,388135.0
