timestamp,ltp,bid_qty,ask_qty
2025-06-18 11:01:36.689992,262.69,808550.0,1696062.0
2025-06-18 11:01:38.132208,262.69,808550.0,1696062.0
2025-06-18 11:01:39.741345,262.69,808035.0,1678064.0
2025-06-18 11:01:40.136113,262.69,808035.0,1678064.0
2025-06-18 11:01:42.137178,262.69,808035.0,1678064.0
2025-06-18 11:01:44.186697,262.79,808035.0,1678064.0
2025-06-18 11:01:44.743065,262.7,809578.0,1697429.0
2025-06-18 11:01:46.151456,262.7,809578.0,1697429.0
2025-06-18 11:01:50.136747,262.8,809578.0,1697429.0
2025-06-18 11:01:50.246684,262.8,808994.0,1694724.0
2025-06-18 11:01:52.138608,262.72,808994.0,1694724.0
2025-06-18 11:01:54.204156,262.8,808994.0,1694724.0
2025-06-18 11:01:55.851461,262.72,809515.0,1695240.0
2025-06-18 11:01:56.204992,262.72,809515.0,1695240.0
2025-06-18 11:01:58.137047,262.72,809515.0,1695240.0
2025-06-18 11:02:00.139903,262.8,809515.0,1695240.0
2025-06-18 11:02:01.054321,262.8,809907.0,1693611.0
2025-06-18 11:02:02.140024,262.8,809907.0,1693611.0
2025-06-18 11:02:05.165707,262.79,809907.0,1693611.0
2025-06-18 11:02:06.143739,262.72,809907.0,1693611.0
2025-06-18 11:02:06.263780,262.72,809630.0,1694164.0
2025-06-18 11:02:08.142241,262.79,809630.0,1694164.0
2025-06-18 11:02:10.155384,262.79,809630.0,1694164.0
2025-06-18 11:02:11.563395,262.79,809175.0,1673085.0
2025-06-18 11:02:12.143857,262.72,809175.0,1673085.0
2025-06-18 11:02:16.187942,262.72,809175.0,1673085.0
2025-06-18 11:02:17.070288,262.8,810507.0,1700426.0
2025-06-18 11:02:18.140376,262.8,810507.0,1700426.0
2025-06-18 11:02:20.140738,262.8,810507.0,1700426.0
2025-06-18 11:02:22.149014,262.8,810507.0,1700426.0
2025-06-18 11:02:22.178529,262.8,810098.0,1700645.0
2025-06-18 11:02:24.167620,262.8,810098.0,1700645.0
2025-06-18 11:02:26.151370,262.79,810098.0,1700645.0
2025-06-18 11:02:27.275769,262.72,809508.0,1701070.0
2025-06-18 11:02:28.143866,262.72,809508.0,1701070.0
2025-06-18 11:02:30.154912,262.72,809508.0,1701070.0
2025-06-18 11:02:32.153608,262.79,809508.0,1701070.0
2025-06-18 11:02:32.376150,262.79,816120.0,1687665.0
2025-06-18 11:02:34.145905,262.79,816120.0,1687665.0
2025-06-18 11:02:36.149404,262.73,816120.0,1687665.0
2025-06-18 11:02:37.989399,262.73,810059.0,1693730.0
2025-06-18 11:02:38.146600,262.73,810059.0,1693730.0
2025-06-18 11:02:40.144526,262.8,810059.0,1693730.0
2025-06-18 11:02:42.146549,262.76,810059.0,1693730.0
2025-06-18 11:02:43.084607,262.76,826560.0,1677429.0
2025-06-18 11:02:44.153185,262.76,826560.0,1677429.0
2025-06-18 11:02:45.180261,262.76,826560.0,1677429.0
2025-06-18 11:02:48.146449,262.8,826560.0,1677429.0
2025-06-18 11:02:48.388069,262.76,826193.0,1698426.0
2025-06-18 11:02:50.146751,262.8,826193.0,1698426.0
2025-06-18 11:02:52.148139,262.79,826193.0,1698426.0
2025-06-18 11:02:53.691668,262.8,823860.0,1699045.0
2025-06-18 11:02:54.150843,262.8,823860.0,1699045.0
2025-06-18 11:02:56.147401,262.8,823860.0,1699045.0
2025-06-18 11:02:58.150942,262.76,823860.0,1699045.0
2025-06-18 11:02:58.896166,262.8,823673.0,1696467.0
2025-06-18 11:03:00.151800,262.76,823673.0,1696467.0
2025-06-18 11:03:02.141758,262.76,823673.0,1696467.0
2025-06-18 11:03:04.098392,262.76,823835.0,1677988.0
2025-06-18 11:03:04.152389,262.76,823835.0,1677988.0
2025-06-18 11:03:06.145150,262.76,823835.0,1677988.0
2025-06-18 11:03:08.155335,262.76,823835.0,1677988.0
2025-06-18 11:03:09.505504,262.79,823570.0,1704081.0
2025-06-18 11:03:10.144826,262.79,823570.0,1704081.0
2025-06-18 11:03:12.147981,262.76,823570.0,1704081.0
2025-06-18 11:03:14.153318,262.79,823570.0,1704081.0
2025-06-18 11:03:14.704423,262.72,822422.0,1701408.0
2025-06-18 11:03:16.150034,262.79,822422.0,1701408.0
2025-06-18 11:03:18.149047,262.8,822422.0,1701408.0
2025-06-18 11:03:19.906076,262.72,823529.0,1702101.0
2025-06-18 11:03:20.154024,262.72,823529.0,1702101.0
2025-06-18 11:03:22.172460,262.72,823529.0,1702101.0
2025-06-18 11:03:24.154371,262.78,823529.0,1702101.0
2025-06-18 11:03:25.206117,262.72,817521.0,1703849.0
2025-06-18 11:03:26.151440,262.78,817521.0,1703849.0
2025-06-18 11:03:28.152116,262.78,817521.0,1703849.0
2025-06-18 11:03:30.148005,262.72,817521.0,1703849.0
2025-06-18 11:03:30.312101,262.72,815624.0,1702297.0
2025-06-18 11:03:32.152411,262.7,815624.0,1702297.0
2025-06-18 11:03:34.155573,262.78,815624.0,1702297.0
2025-06-18 11:03:35.916375,262.72,816466.0,1705630.0
2025-06-18 11:03:36.223304,262.72,816466.0,1705630.0
2025-06-18 11:03:38.157702,262.72,816466.0,1705630.0
2025-06-18 11:03:40.147300,262.72,816466.0,1705630.0
2025-06-18 11:03:41.219800,262.72,815749.0,1675697.0
2025-06-18 11:03:42.159086,262.72,815749.0,1675697.0
2025-06-18 11:03:43.170768,262.78,815749.0,1675697.0
2025-06-18 11:03:46.020954,262.78,815749.0,1675697.0
2025-06-18 11:03:46.170629,262.78,815749.0,1675697.0
2025-06-18 11:03:46.220707,262.78,817444.0,1705500.0
2025-06-18 11:03:47.070494,262.78,817444.0,1705500.0
2025-06-18 11:03:48.166224,262.78,817444.0,1705500.0
2025-06-18 11:03:48.886522,262.78,817444.0,1705500.0
2025-06-18 11:03:49.743720,262.78,817444.0,1705500.0
2025-06-18 11:03:50.156299,262.73,817444.0,1705500.0
2025-06-18 11:03:50.550099,262.73,817444.0,1705500.0
2025-06-18 11:03:50.923732,262.78,818246.0,1675551.0
2025-06-18 11:03:51.583202,262.78,818246.0,1675551.0
2025-06-18 11:03:52.194516,262.73,818246.0,1675551.0
2025-06-18 11:03:52.196261,262.73,818246.0,1675551.0
2025-06-18 11:03:53.064680,262.73,818246.0,1675551.0
2025-06-18 11:03:54.186409,262.78,818246.0,1675551.0
2025-06-18 11:03:54.447096,262.78,818246.0,1675551.0
2025-06-18 11:03:55.717946,262.78,818246.0,1675551.0
2025-06-18 11:03:55.830526,262.78,817590.0,1702371.0
2025-06-18 11:03:56.169976,262.78,817590.0,1702371.0
2025-06-18 11:03:56.576478,262.78,817590.0,1702371.0
2025-06-18 11:04:00.464698,262.73,817590.0,1702371.0
2025-06-18 11:04:00.465920,262.73,817590.0,1702371.0
2025-06-18 11:04:00.514160,262.73,817590.0,1702371.0
2025-06-18 11:04:00.549046,262.74,817590.0,1702371.0
2025-06-18 11:04:00.550732,262.74,817590.0,1702371.0
2025-06-18 11:04:01.131146,262.74,817999.0,1699734.0
2025-06-18 11:04:01.916090,262.74,817999.0,1699734.0
2025-06-18 11:04:02.179443,262.73,817999.0,1699734.0
2025-06-18 11:04:04.166248,262.78,817999.0,1699734.0
2025-06-18 11:04:06.161173,262.74,817999.0,1699734.0
2025-06-18 11:04:06.335324,262.74,818082.0,1700416.0
2025-06-18 11:04:08.166611,262.73,818082.0,1700416.0
2025-06-18 11:04:10.239228,262.74,818082.0,1700416.0
2025-06-18 11:04:11.438155,262.73,817183.0,1692707.0
2025-06-18 11:04:12.166520,262.74,817183.0,1692707.0
2025-06-18 11:04:14.158176,262.74,817183.0,1692707.0
2025-06-18 11:04:16.161918,262.73,817183.0,1692707.0
2025-06-18 11:04:16.442093,262.73,814672.0,1699599.0
2025-06-18 11:04:18.159880,262.73,814672.0,1699599.0
2025-06-18 11:04:20.154637,262.74,814672.0,1699599.0
2025-06-18 11:04:21.855950,262.74,816753.0,1700062.0
2025-06-18 11:04:22.164660,262.72,816753.0,1700062.0
2025-06-18 11:04:24.162546,262.73,816753.0,1700062.0
2025-06-18 11:04:26.155110,262.74,816753.0,1700062.0
2025-06-18 11:04:27.059565,262.72,817558.0,1672893.0
2025-06-18 11:04:28.156771,262.74,817558.0,1672893.0
2025-06-18 11:04:30.155689,262.72,817558.0,1672893.0
2025-06-18 11:04:32.063155,262.74,817215.0,1693863.0
2025-06-18 11:04:32.160728,262.74,817215.0,1693863.0
2025-06-18 11:04:33.176516,262.72,817215.0,1693863.0
2025-06-18 11:04:36.161871,262.72,817215.0,1693863.0
2025-06-18 11:04:37.065061,262.72,817500.0,1696019.0
2025-06-18 11:04:38.153564,262.74,817500.0,1696019.0
2025-06-18 11:04:39.198281,262.72,817500.0,1696019.0
2025-06-18 11:04:41.867984,262.74,817978.0,1694450.0
2025-06-18 11:04:42.162742,262.74,817978.0,1694450.0
2025-06-18 11:04:44.162707,262.74,817978.0,1694450.0
2025-06-18 11:04:46.158789,262.74,817978.0,1694450.0
2025-06-18 11:04:46.981030,262.74,816848.0,1695776.0
2025-06-18 11:04:47.182394,262.74,816848.0,1695776.0
2025-06-18 11:04:49.163690,262.74,816848.0,1695776.0
2025-06-18 11:04:51.773156,262.72,816614.0,1695253.0
2025-06-18 11:04:52.191312,262.74,816614.0,1695253.0
2025-06-18 11:04:54.191492,262.74,816614.0,1695253.0
2025-06-18 11:04:56.151081,262.72,816614.0,1695253.0
2025-06-18 11:04:56.576720,262.72,816582.0,1695248.0
2025-06-18 11:04:58.175776,262.73,816582.0,1695248.0
2025-06-18 11:05:00.162072,262.74,816582.0,1695248.0
2025-06-18 11:05:01.185844,262.74,816683.0,1696695.0
2025-06-18 11:05:02.164038,262.72,816683.0,1696695.0
2025-06-18 11:05:05.175275,262.72,816683.0,1696695.0
2025-06-18 11:05:05.989968,262.72,816893.0,1697068.0
2025-06-18 11:05:06.162852,262.74,816893.0,1697068.0
2025-06-18 11:05:08.162450,262.72,816893.0,1697068.0
2025-06-18 11:05:10.158749,262.72,816893.0,1697068.0
2025-06-18 11:05:10.988163,262.72,813166.0,1708085.0
2025-06-18 11:05:12.202249,262.72,813166.0,1708085.0
2025-06-18 11:05:14.167657,262.77,813166.0,1708085.0
2025-06-18 11:05:16.688583,262.72,813166.0,1708085.0
2025-06-18 11:05:16.693734,262.72,813726.0,1708752.0
2025-06-18 11:05:18.192899,262.74,813726.0,1708752.0
2025-06-18 11:05:20.174622,262.72,813726.0,1708752.0
2025-06-18 11:05:21.788337,262.72,812537.0,1714139.0
2025-06-18 11:05:22.160602,262.74,812537.0,1714139.0
2025-06-18 11:05:24.205602,262.8,812537.0,1714139.0
2025-06-18 11:05:26.167708,262.79,812537.0,1714139.0
2025-06-18 11:05:26.693013,262.79,813859.0,1712985.0
2025-06-18 11:05:27.293498,262.79,813859.0,1712985.0
2025-06-18 11:05:30.158249,262.72,813859.0,1712985.0
2025-06-18 11:05:31.505827,262.66,794911.0,1733365.0
2025-06-18 11:05:32.194487,262.65,794911.0,1733365.0
2025-06-18 11:05:33.208644,262.53,794911.0,1733365.0
2025-06-18 11:05:36.170141,262.56,794911.0,1733365.0
2025-06-18 11:05:36.902669,262.65,798909.0,1728647.0
2025-06-18 11:05:37.180419,262.65,798909.0,1728647.0
2025-06-18 11:05:40.186066,262.6,798909.0,1728647.0
2025-06-18 11:05:42.302247,262.65,797971.0,1732516.0
2025-06-18 11:05:44.165269,262.66,797971.0,1732516.0
2025-06-18 11:05:46.166598,262.66,797971.0,1732516.0
2025-06-18 11:05:47.196687,262.61,797971.0,1732516.0
2025-06-18 11:05:47.209321,262.61,804398.0,1723692.0
2025-06-18 11:05:50.167009,262.66,804398.0,1723692.0
2025-06-18 11:05:52.179054,262.69,804398.0,1723692.0
2025-06-18 11:05:52.306088,262.69,805381.0,1722104.0
2025-06-18 11:05:54.382968,262.72,805381.0,1722104.0
2025-06-18 11:05:56.175732,262.62,805381.0,1722104.0
2025-06-18 11:05:57.424826,262.71,804506.0,1723236.0
2025-06-18 11:05:58.176260,262.71,804506.0,1723236.0
2025-06-18 11:05:59.174239,262.62,804506.0,1723236.0
2025-06-18 11:06:01.176272,262.71,804506.0,1723236.0
2025-06-18 11:06:02.112832,262.71,803899.0,1723409.0
2025-06-18 11:06:04.174567,262.62,803899.0,1723409.0
2025-06-18 11:06:05.164097,262.64,803899.0,1723409.0
2025-06-18 11:06:06.922375,262.55,796661.0,1731278.0
2025-06-18 11:06:08.171757,262.62,796661.0,1731278.0
2025-06-18 11:06:10.198541,262.62,796661.0,1731278.0
2025-06-18 11:06:11.925900,262.63,797102.0,1730232.0
2025-06-18 11:06:12.170945,262.63,797102.0,1730232.0
2025-06-18 11:06:14.166219,262.66,797102.0,1730232.0
2025-06-18 11:06:16.163307,262.55,797102.0,1730232.0
2025-06-18 11:06:17.022391,262.55,796595.0,1725560.0
2025-06-18 11:06:17.178022,262.55,796595.0,1725560.0
2025-06-18 11:06:20.157347,262.65,796595.0,1725560.0
2025-06-18 11:06:22.026303,262.55,796918.0,1698686.0
2025-06-18 11:06:22.163757,262.55,796918.0,1698686.0
2025-06-18 11:06:24.169097,262.65,796918.0,1698686.0
2025-06-18 11:06:26.929476,262.55,797319.0,1724096.0
2025-06-18 11:06:28.166251,262.65,797319.0,1724096.0
2025-06-18 11:06:29.178410,262.55,797319.0,1724096.0
2025-06-18 11:06:31.630667,262.65,797476.0,1719549.0
2025-06-18 11:06:32.170095,262.55,797476.0,1719549.0
2025-06-18 11:06:34.229943,262.52,797476.0,1719549.0
2025-06-18 11:06:36.238263,262.65,797476.0,1719549.0
2025-06-18 11:06:36.241491,262.65,798367.0,1727948.0
2025-06-18 11:06:37.174692,262.54,798367.0,1727948.0
2025-06-18 11:06:40.237716,262.56,798367.0,1727948.0
2025-06-18 11:06:41.336732,262.54,795661.0,1726539.0
2025-06-18 11:06:42.161470,262.64,795661.0,1726539.0
2025-06-18 11:06:44.174889,262.65,795661.0,1726539.0
2025-06-18 11:06:46.166676,262.53,795661.0,1726539.0
2025-06-18 11:06:46.717324,262.64,794970.0,1722247.0
2025-06-18 11:06:46.721755,262.64,794970.0,1722247.0
2025-06-18 11:06:47.610294,262.64,794970.0,1722247.0
2025-06-18 11:06:48.172037,262.52,794970.0,1722247.0
2025-06-18 11:06:48.547231,262.52,794970.0,1722247.0
2025-06-18 11:06:49.763693,262.52,794970.0,1722247.0
2025-06-18 11:06:50.162252,262.64,794970.0,1722247.0
2025-06-18 11:06:50.279903,262.64,794970.0,1722247.0
2025-06-18 11:06:51.049781,262.64,794970.0,1722247.0
2025-06-18 11:06:51.344215,262.55,795885.0,1720845.0
2025-06-18 11:06:52.034415,262.55,795885.0,1720845.0
2025-06-18 11:06:52.178371,262.53,795885.0,1720845.0
2025-06-18 11:06:52.596393,262.53,795885.0,1720845.0
2025-06-18 11:06:53.512353,262.53,795885.0,1720845.0
2025-06-18 11:06:54.212463,262.65,795885.0,1720845.0
2025-06-18 11:06:54.752855,262.65,795885.0,1720845.0
2025-06-18 11:06:56.202772,262.56,795885.0,1720845.0
2025-06-18 11:06:56.236789,262.56,795885.0,1720845.0
2025-06-18 11:06:56.350337,262.56,796432.0,1721033.0
2025-06-18 11:06:57.099928,262.56,796432.0,1721033.0
2025-06-18 11:06:58.338458,262.56,796432.0,1721033.0
2025-06-18 11:06:58.514183,262.56,796432.0,1721033.0
2025-06-18 11:06:59.663426,262.56,796432.0,1721033.0
2025-06-18 11:07:00.158011,262.56,796432.0,1721033.0
2025-06-18 11:07:00.819883,262.56,796432.0,1721033.0
2025-06-18 11:07:01.150437,262.55,795362.0,1720917.0
2025-06-18 11:07:02.161091,262.64,795362.0,1720917.0
2025-06-18 11:07:02.278378,262.64,795362.0,1720917.0
2025-06-18 11:07:02.849599,262.56,796286.0,1698549.0
2025-06-18 11:07:03.161005,262.57,796286.0,1698549.0
2025-06-18 11:07:05.074391,262.65,796645.0,1697557.0
2025-06-18 11:07:05.083642,262.65,796645.0,1697557.0
2025-06-18 11:07:05.115414,262.65,795806.0,1724697.0
2025-06-18 11:07:05.169730,262.58,795806.0,1724697.0
2025-06-18 11:07:05.954818,262.57,795314.0,1728246.0
2025-06-18 11:07:06.163015,262.57,795314.0,1728246.0
2025-06-18 11:07:06.954232,262.57,794494.0,1729180.0
2025-06-18 11:07:07.160064,262.57,794494.0,1729180.0
2025-06-18 11:07:10.479163,262.57,794207.0,1729045.0
2025-06-18 11:07:10.484985,262.57,794207.0,1729045.0
2025-06-18 11:07:10.527076,262.6,793877.0,1730662.0
2025-06-18 11:07:10.532153,262.6,793877.0,1730662.0
2025-06-18 11:07:10.537546,262.57,794163.0,1721550.0
2025-06-18 11:07:10.575993,262.57,794163.0,1721550.0
2025-06-18 11:07:10.957609,262.6,794158.0,1721370.0
2025-06-18 11:07:11.165227,262.6,794158.0,1721370.0
2025-06-18 11:07:11.960778,262.57,795893.0,1721469.0
2025-06-18 11:07:12.170407,262.57,795893.0,1721469.0
2025-06-18 11:07:12.958482,262.57,796250.0,1726244.0
2025-06-18 11:07:13.166492,262.57,796250.0,1726244.0
2025-06-18 11:07:13.960995,262.57,796246.0,1725932.0
2025-06-18 11:07:14.162009,262.57,796246.0,1725932.0
2025-06-18 11:07:15.057374,262.57,795907.0,1726385.0
2025-06-18 11:07:15.161720,262.57,795907.0,1726385.0
2025-06-18 11:07:16.058283,262.6,796204.0,1699089.0
2025-06-18 11:07:16.167171,262.6,796204.0,1699089.0
2025-06-18 11:07:17.061016,262.57,796415.0,1726738.0
2025-06-18 11:07:17.171034,262.57,796415.0,1726738.0
2025-06-18 11:07:18.169727,262.6,796415.0,1726738.0
2025-06-18 11:07:18.170290,262.6,796742.0,1700899.0
2025-06-18 11:07:19.165008,262.53,796742.0,1700899.0
2025-06-18 11:07:19.169226,262.53,796096.0,1731550.0
2025-06-18 11:07:20.160905,262.53,796096.0,1731550.0
2025-06-18 11:07:20.169097,262.53,796570.0,1701730.0
2025-06-18 11:07:21.169193,262.53,796570.0,1701730.0
2025-06-18 11:07:22.196026,262.53,796203.0,1722318.0
2025-06-18 11:07:22.200874,262.53,796203.0,1722318.0
2025-06-18 11:07:23.165269,262.6,796203.0,1722318.0
2025-06-18 11:07:23.173304,262.6,796203.0,1722061.0
2025-06-18 11:07:24.165641,262.6,796203.0,1722061.0
2025-06-18 11:07:24.168859,262.6,796098.0,1722045.0
2025-06-18 11:07:25.259781,262.6,796118.0,1722045.0
2025-06-18 11:07:26.220991,262.53,796118.0,1722045.0
2025-06-18 11:07:26.360551,262.53,795523.0,1701289.0
2025-06-18 11:07:27.171898,262.6,795523.0,1701289.0
2025-06-18 11:07:27.463343,262.6,795514.0,1701286.0
2025-06-18 11:07:28.168941,262.53,795514.0,1701286.0
2025-06-18 11:07:28.461140,262.53,795356.0,1701388.0
2025-06-18 11:07:29.176462,262.53,795356.0,1701388.0
2025-06-18 11:07:29.462483,262.53,793587.0,1701388.0
2025-06-18 11:07:30.193021,262.53,793587.0,1701388.0
2025-06-18 11:07:30.560662,262.53,795688.0,1731659.0
2025-06-18 11:07:31.169477,262.53,795688.0,1731659.0
2025-06-18 11:07:31.568836,262.53,795968.0,1731175.0
2025-06-18 11:07:32.178030,262.53,795968.0,1731175.0
2025-06-18 11:07:32.564154,262.53,793189.0,1732000.0
2025-06-18 11:07:33.463090,262.6,795552.0,1722993.0
2025-06-18 11:07:34.170331,262.6,795552.0,1722993.0
2025-06-18 11:07:34.463230,262.6,795716.0,1723057.0
2025-06-18 11:07:35.465886,262.53,795442.0,1702059.0
2025-06-18 11:07:36.165724,262.53,795442.0,1702059.0
2025-06-18 11:07:36.481089,262.6,795424.0,1722788.0
2025-06-18 11:07:37.168562,262.53,795424.0,1722788.0
2025-06-18 11:07:37.472434,262.54,795300.0,1732204.0
2025-06-18 11:07:38.168884,262.6,795300.0,1732204.0
2025-06-18 11:07:38.478848,262.6,795301.0,1732201.0
2025-06-18 11:07:39.207740,262.6,795301.0,1732201.0
2025-06-18 11:07:39.561797,262.6,794227.0,1730775.0
2025-06-18 11:07:40.199713,262.6,794227.0,1730775.0
2025-06-18 11:07:40.569148,262.6,794118.0,1703767.0
2025-06-18 11:07:41.170825,262.6,794118.0,1703767.0
2025-06-18 11:07:41.677056,262.6,794361.0,1730760.0
2025-06-18 11:07:42.170636,262.6,794361.0,1730760.0
2025-06-18 11:07:42.770381,262.53,794603.0,1703945.0
2025-06-18 11:07:43.170507,262.53,794603.0,1703945.0
2025-06-18 11:07:44.753583,262.53,794598.0,1724943.0
2025-06-18 11:07:44.793534,262.53,794598.0,1724943.0
2025-06-18 11:07:44.878384,262.6,794603.0,1724937.0
2025-06-18 11:07:45.172812,262.6,794603.0,1724937.0
2025-06-18 11:07:45.976860,262.6,794548.0,1724934.0
2025-06-18 11:07:46.173738,262.6,794548.0,1724934.0
2025-06-18 11:07:46.982202,262.6,794548.0,1725023.0
2025-06-18 11:07:47.176754,262.6,794548.0,1725023.0
2025-06-18 11:07:48.977432,262.6,793705.0,1724297.0
2025-06-18 11:07:49.169380,262.6,793705.0,1724297.0
2025-06-18 11:07:50.074491,262.53,792833.0,1723511.0
2025-06-18 11:07:50.170643,262.53,792833.0,1723511.0
2025-06-18 11:07:51.174860,262.6,792833.0,1723511.0
2025-06-18 11:07:51.576288,262.6,793399.0,1729289.0
2025-06-18 11:07:52.684639,262.53,793388.0,1731990.0
2025-06-18 11:07:53.170467,262.6,793388.0,1731990.0
2025-06-18 11:07:53.716884,262.53,793067.0,1723042.0
2025-06-18 11:07:54.168788,262.6,793067.0,1723042.0
2025-06-18 11:07:55.161736,262.6,791638.0,1702030.0
2025-06-18 11:07:55.163354,262.6,791638.0,1702030.0
2025-06-18 11:07:55.775762,262.6,792778.0,1702451.0
2025-06-18 11:07:56.177735,262.6,792778.0,1702451.0
2025-06-18 11:07:56.775182,262.53,792728.0,1702451.0
2025-06-18 11:07:57.168726,262.6,792728.0,1702451.0
2025-06-18 11:07:57.780639,262.6,792726.0,1702555.0
2025-06-18 11:07:58.186941,262.6,792726.0,1702555.0
2025-06-18 11:07:58.876982,262.52,792990.0,1725383.0
2025-06-18 11:07:59.170230,262.6,792990.0,1725383.0
2025-06-18 11:07:59.776950,262.6,793112.0,1704327.0
2025-06-18 11:08:00.780363,262.6,796816.0,1730056.0
2025-06-18 11:08:02.690841,262.53,793159.0,1731344.0
2025-06-18 11:08:03.176039,262.53,793159.0,1731344.0
2025-06-18 11:08:05.185464,262.6,793159.0,1731344.0
2025-06-18 11:08:07.182679,262.54,793159.0,1731344.0
2025-06-18 11:08:08.085637,262.6,793355.0,1731310.0
2025-06-18 11:08:09.243121,262.54,793355.0,1731310.0
2025-06-18 11:08:11.177378,262.55,793355.0,1731310.0
2025-06-18 11:08:13.179187,262.55,793355.0,1731310.0
2025-06-18 11:08:13.593561,262.6,793200.0,1730661.0
2025-06-18 11:08:15.199418,262.59,793200.0,1730661.0
2025-06-18 11:08:20.443676,262.55,793200.0,1730661.0
2025-06-18 11:08:20.502219,262.54,788390.0,1731752.0
2025-06-18 11:08:20.531944,262.54,788390.0,1731752.0
2025-06-18 11:08:21.183166,262.54,788390.0,1731752.0
2025-06-18 11:08:23.185382,262.59,788390.0,1731752.0
2025-06-18 11:08:24.079290,262.59,789142.0,1728631.0
2025-06-18 11:08:26.173622,262.59,789142.0,1728631.0
2025-06-18 11:08:29.600436,262.59,789021.0,1727143.0
2025-06-18 11:08:31.187235,262.6,789021.0,1727143.0
2025-06-18 11:08:33.178795,262.59,789021.0,1727143.0
2025-06-18 11:08:35.017436,262.62,797533.0,1720851.0
2025-06-18 11:08:35.167073,262.62,797533.0,1720851.0
2025-06-18 11:08:37.176371,262.64,797533.0,1720851.0
2025-06-18 11:08:39.171772,262.64,797533.0,1720851.0
2025-06-18 11:08:40.308626,262.64,798403.0,1687584.0
2025-06-18 11:08:41.180933,262.64,798403.0,1687584.0
2025-06-18 11:08:42.192714,262.7,798403.0,1687584.0
2025-06-18 11:08:45.177521,262.64,798403.0,1687584.0
2025-06-18 11:08:45.518930,262.64,797286.0,1688555.0
2025-06-18 11:08:49.177312,262.7,797286.0,1688555.0
2025-06-18 11:08:50.814605,262.7,801011.0,1712092.0
2025-06-18 11:08:51.213526,262.7,801011.0,1712092.0
2025-06-18 11:08:53.178324,262.75,801011.0,1712092.0
2025-06-18 11:08:55.169394,262.79,801011.0,1712092.0
2025-06-18 11:08:56.027891,262.75,813046.0,1703075.0
2025-06-18 11:08:57.173474,262.75,813046.0,1703075.0
2025-06-18 11:08:58.178946,262.8,813046.0,1703075.0
2025-06-18 11:09:00.916882,262.8,812748.0,1704554.0
2025-06-18 11:09:01.181235,262.8,812748.0,1704554.0
2025-06-18 11:09:03.194234,262.8,812748.0,1704554.0
2025-06-18 11:09:05.179937,262.8,812748.0,1704554.0
2025-06-18 11:09:05.828336,262.8,814179.0,1695047.0
2025-06-18 11:09:07.174416,262.75,814179.0,1695047.0
2025-06-18 11:09:09.172397,262.8,814179.0,1695047.0
2025-06-18 11:09:11.122822,262.8,821579.0,1666154.0
2025-06-18 11:09:11.171953,262.8,821579.0,1666154.0
2025-06-18 11:09:14.308665,262.8,821579.0,1666154.0
2025-06-18 11:09:15.174837,262.81,821579.0,1666154.0
2025-06-18 11:09:17.032605,262.79,826327.0,1661548.0
2025-06-18 11:09:17.174473,262.79,826327.0,1661548.0
2025-06-18 11:09:19.165925,262.8,826327.0,1661548.0
2025-06-18 11:09:21.173476,262.8,826327.0,1661548.0
2025-06-18 11:09:22.526514,262.85,831287.0,1660669.0
2025-06-18 11:09:23.174421,262.85,831287.0,1660669.0
2025-06-18 11:09:25.178833,262.81,831287.0,1660669.0
2025-06-18 11:09:27.169548,262.81,831287.0,1660669.0
2025-06-18 11:09:27.830462,262.97,839409.0,1679265.0
2025-06-18 11:09:29.178765,262.99,839409.0,1679265.0
2025-06-18 11:09:33.135409,262.99,842590.0,1650908.0
2025-06-18 11:09:33.177837,262.99,842590.0,1650908.0
2025-06-18 11:09:35.175057,262.89,842590.0,1650908.0
2025-06-18 11:09:37.178599,262.89,842590.0,1650908.0
2025-06-18 11:09:38.335128,262.98,846002.0,1648399.0
2025-06-18 11:09:39.898369,262.91,846002.0,1648399.0
2025-06-18 11:09:41.169589,262.99,846002.0,1648399.0
2025-06-18 11:09:43.179446,262.99,846002.0,1648399.0
2025-06-18 11:09:43.738266,262.99,847389.0,1650577.0
2025-06-18 11:09:45.178030,262.9,847389.0,1650577.0
2025-06-18 11:09:47.188032,262.9,847389.0,1650577.0
2025-06-18 11:09:47.224409,262.9,847389.0,1650577.0
2025-06-18 11:09:48.208763,262.9,847389.0,1650577.0
2025-06-18 11:09:48.841172,262.9,848651.0,1650714.0
2025-06-18 11:09:49.097253,262.9,848651.0,1650714.0
2025-06-18 11:09:50.019303,262.9,848651.0,1650714.0
2025-06-18 11:09:51.170727,262.99,848651.0,1650714.0
2025-06-18 11:09:51.633828,262.99,848651.0,1650714.0
2025-06-18 11:09:52.632980,262.99,848651.0,1650714.0
2025-06-18 11:09:53.180102,262.99,848651.0,1650714.0
2025-06-18 11:09:53.207593,262.99,848651.0,1650714.0
2025-06-18 11:09:54.086894,262.99,848651.0,1650714.0
2025-06-18 11:09:54.445328,262.91,848455.0,1681497.0
2025-06-18 11:09:54.459168,262.91,848455.0,1681497.0
2025-06-18 11:09:55.181888,262.91,848455.0,1681497.0
2025-06-18 11:09:55.372243,262.91,848455.0,1681497.0
2025-06-18 11:09:56.579911,262.91,848455.0,1681497.0
2025-06-18 11:09:57.181906,262.91,848455.0,1681497.0
2025-06-18 11:09:57.559982,262.91,848455.0,1681497.0
2025-06-18 11:09:58.187283,262.99,848455.0,1681497.0
2025-06-18 11:09:58.969820,262.99,848455.0,1681497.0
2025-06-18 11:09:59.543449,262.91,850517.0,1671198.0
2025-06-18 11:10:00.116424,262.91,850517.0,1671198.0
2025-06-18 11:10:01.171408,262.91,850517.0,1671198.0
2025-06-18 11:10:01.243295,262.91,850517.0,1671198.0
2025-06-18 11:10:02.713118,262.91,850517.0,1671198.0
2025-06-18 11:10:03.218462,262.91,850517.0,1671198.0
2025-06-18 11:10:04.177189,262.92,850517.0,1671198.0
2025-06-18 11:10:04.549174,263.0,852721.0,1646274.0
2025-06-18 11:10:07.179229,263.13,852721.0,1646274.0
2025-06-18 11:10:09.514702,263.13,852721.0,1646274.0
2025-06-18 11:10:09.750699,263.13,880544.0,1636383.0
2025-06-18 11:10:11.205048,263.15,880544.0,1636383.0
2025-06-18 11:10:13.182814,263.23,880544.0,1636383.0
2025-06-18 11:10:14.189775,263.23,880544.0,1636383.0
2025-06-18 11:10:15.254076,263.13,879540.0,1651864.0
2025-06-18 11:10:17.187085,263.13,879540.0,1651864.0
2025-06-18 11:10:19.177473,263.13,879540.0,1651864.0
2025-06-18 11:10:20.355076,263.24,885896.0,1620537.0
2025-06-18 11:10:21.190794,263.24,885896.0,1620537.0
2025-06-18 11:10:23.179256,263.24,885896.0,1620537.0
2025-06-18 11:10:25.184817,263.24,885896.0,1620537.0
2025-06-18 11:10:25.667662,263.27,885330.0,1621159.0
2025-06-18 11:10:28.189149,263.15,885330.0,1621159.0
2025-06-18 11:10:31.218728,263.22,885330.0,1621159.0
2025-06-18 11:10:31.265424,263.22,876433.0,1622945.0
2025-06-18 11:10:34.190339,263.15,876433.0,1622945.0
2025-06-18 11:10:36.868639,263.15,846209.0,1667609.0
2025-06-18 11:10:37.180295,263.15,846209.0,1667609.0
2025-06-18 11:10:39.175750,263.11,846209.0,1667609.0
2025-06-18 11:10:41.185500,263.03,846209.0,1667609.0
2025-06-18 11:10:42.370581,263.11,860342.0,1668552.0
2025-06-18 11:10:43.178898,263.11,860342.0,1668552.0
2025-06-18 11:10:45.177235,263.11,860342.0,1668552.0
2025-06-18 11:10:47.176560,263.03,860342.0,1668552.0
2025-06-18 11:10:47.472144,263.03,861705.0,1668332.0
2025-06-18 11:10:49.176954,263.03,861705.0,1668332.0
2025-06-18 11:10:51.177949,263.09,861705.0,1668332.0
2025-06-18 11:10:52.578588,263.09,856153.0,1670727.0
2025-06-18 11:10:53.183583,263.09,856153.0,1670727.0
2025-06-18 11:10:55.179822,263.11,856153.0,1670727.0
2025-06-18 11:10:57.171952,263.03,856153.0,1670727.0
2025-06-18 11:10:57.884423,263.03,854748.0,1661235.0
2025-06-18 11:10:59.174188,263.08,854748.0,1661235.0
2025-06-18 11:11:01.175191,263.09,854748.0,1661235.0
2025-06-18 11:11:02.284962,263.09,855274.0,1673855.0
2025-06-18 11:11:03.174569,263.09,855274.0,1673855.0
2025-06-18 11:11:03.285836,263.09,855506.0,1668796.0
2025-06-18 11:11:04.171461,263.04,855506.0,1668796.0
2025-06-18 11:11:04.287100,263.04,855820.0,1640023.0
2025-06-18 11:11:05.172116,263.04,855820.0,1640023.0
2025-06-18 11:11:05.192890,263.04,855212.0,1670041.0
2025-06-18 11:11:06.194125,263.04,855381.0,1668981.0
2025-06-18 11:11:07.291981,263.11,855399.0,1641642.0
2025-06-18 11:11:08.181160,263.04,855399.0,1641642.0
2025-06-18 11:11:08.293836,263.04,853263.0,1668820.0
2025-06-18 11:11:09.191940,263.04,853263.0,1668820.0
2025-06-18 11:11:09.392834,263.04,853840.0,1642210.0
2025-06-18 11:11:10.172518,263.04,853840.0,1642210.0
2025-06-18 11:11:10.393691,263.04,853873.0,1642473.0
2025-06-18 11:11:11.178889,263.04,853873.0,1642473.0
2025-06-18 11:11:11.498913,263.03,843023.0,1680173.0
2025-06-18 11:11:12.176710,263.0,843023.0,1680173.0
2025-06-18 11:11:12.594973,263.0,838493.0,1681551.0
2025-06-18 11:11:13.180982,263.0,838493.0,1681551.0
2025-06-18 11:11:13.595799,263.0,844750.0,1678842.0
2025-06-18 11:11:14.185210,263.04,844750.0,1678842.0
2025-06-18 11:11:14.595119,263.0,845047.0,1679645.0
2025-06-18 11:11:15.171821,263.0,845047.0,1679645.0
2025-06-18 11:11:15.693193,263.0,844931.0,1679869.0
2025-06-18 11:11:16.171610,263.0,844931.0,1679869.0
2025-06-18 11:11:16.694307,263.0,844906.0,1679901.0
2025-06-18 11:11:17.188884,262.95,844906.0,1679901.0
2025-06-18 11:11:17.798352,262.98,839268.0,1686807.0
2025-06-18 11:11:18.182383,262.88,839268.0,1686807.0
2025-06-18 11:11:18.796832,262.88,839299.0,1689389.0
2025-06-18 11:11:19.795304,262.88,840874.0,1686646.0
2025-06-18 11:11:20.176272,262.88,840874.0,1686646.0
2025-06-18 11:11:20.696103,262.88,839909.0,1685489.0
2025-06-18 11:11:21.185482,262.88,839909.0,1685489.0
2025-06-18 11:11:21.798427,262.97,840984.0,1685020.0
2025-06-18 11:11:22.181015,262.88,840984.0,1685020.0
2025-06-18 11:11:22.797276,262.88,840965.0,1684872.0
2025-06-18 11:11:23.172971,262.88,840965.0,1684872.0
2025-06-18 11:11:23.799223,262.88,840203.0,1684398.0
2025-06-18 11:11:24.175295,262.95,840203.0,1684398.0
2025-06-18 11:11:24.798086,262.88,839979.0,1686933.0
2025-06-18 11:11:25.183763,262.88,839979.0,1686933.0
2025-06-18 11:11:25.798520,262.88,839355.0,1686803.0
2025-06-18 11:11:26.177740,262.97,839355.0,1686803.0
2025-06-18 11:11:26.898052,262.88,839180.0,1687300.0
2025-06-18 11:11:27.179263,262.88,839180.0,1687300.0
2025-06-18 11:11:27.898935,262.88,839053.0,1655154.0
2025-06-18 11:11:28.179017,262.88,839053.0,1655154.0
2025-06-18 11:11:28.900651,262.98,838702.0,1656069.0
2025-06-18 11:11:29.192849,262.88,838702.0,1656069.0
2025-06-18 11:11:29.901761,262.88,839632.0,1654706.0
2025-06-18 11:11:30.174528,262.88,839632.0,1654706.0
2025-06-18 11:11:30.901411,262.88,839345.0,1654643.0
2025-06-18 11:11:31.177250,262.88,839345.0,1654643.0
2025-06-18 11:11:31.904094,262.88,839048.0,1654957.0
2025-06-18 11:11:32.181261,262.88,839048.0,1654957.0
2025-06-18 11:11:33.016589,262.88,839333.0,1654699.0
2025-06-18 11:11:33.175086,262.88,839333.0,1654699.0
2025-06-18 11:11:34.106569,262.88,838737.0,1654853.0
2025-06-18 11:11:34.177537,262.88,838737.0,1654853.0
2025-06-18 11:11:35.179377,262.89,838737.0,1654853.0
2025-06-18 11:11:35.206983,262.89,840005.0,1655236.0
2025-06-18 11:11:36.176425,262.89,840005.0,1655236.0
2025-06-18 11:11:36.607686,262.89,840086.0,1655344.0
2025-06-18 11:11:37.191460,262.9,840086.0,1655344.0
2025-06-18 11:11:37.808810,262.91,839765.0,1682150.0
2025-06-18 11:11:38.182054,263.08,839765.0,1682150.0
2025-06-18 11:11:38.909140,262.91,838040.0,1672151.0
2025-06-18 11:11:39.179813,262.91,838040.0,1672151.0
2025-06-18 11:11:40.022719,262.91,838029.0,1673817.0
2025-06-18 11:11:40.174818,262.91,838029.0,1673817.0
2025-06-18 11:11:40.908314,262.91,837020.0,1676305.0
2025-06-18 11:11:41.190889,262.91,837020.0,1676305.0
2025-06-18 11:11:41.908877,262.91,836373.0,1678664.0
2025-06-18 11:11:42.179393,262.91,836373.0,1678664.0
2025-06-18 11:11:42.910909,262.99,836555.0,1655811.0
2025-06-18 11:11:43.192331,262.99,836555.0,1655811.0
2025-06-18 11:11:43.911225,262.91,836541.0,1655809.0
2025-06-18 11:11:44.191101,262.91,836541.0,1655809.0
2025-06-18 11:11:45.090965,262.91,836541.0,1677081.0
2025-06-18 11:11:45.913205,262.91,836578.0,1679968.0
2025-06-18 11:11:46.175706,262.91,836578.0,1679968.0
2025-06-18 11:11:46.912510,262.91,836275.0,1679407.0
2025-06-18 11:11:47.211164,262.91,836275.0,1679407.0
2025-06-18 11:11:47.914316,262.99,837125.0,1686505.0
2025-06-18 11:11:48.185079,262.99,837125.0,1686505.0
2025-06-18 11:11:49.036139,262.91,836759.0,1687067.0
2025-06-18 11:11:49.185444,262.91,836759.0,1687067.0
2025-06-18 11:11:50.025241,262.91,836944.0,1656135.0
2025-06-18 11:11:50.180726,262.91,836944.0,1656135.0
2025-06-18 11:11:50.916083,262.91,836448.0,1683355.0
2025-06-18 11:11:51.204687,262.91,836448.0,1683355.0
2025-06-18 11:11:52.022581,262.91,836414.0,1683262.0
2025-06-18 11:11:52.186515,262.91,836414.0,1683262.0
2025-06-18 11:11:53.121350,262.91,836675.0,1682251.0
2025-06-18 11:11:53.195967,263.0,836675.0,1682251.0
2025-06-18 11:11:54.185590,263.0,836675.0,1682251.0
2025-06-18 11:11:54.223478,263.0,836977.0,1676106.0
2025-06-18 11:11:55.194483,263.0,836977.0,1676106.0
2025-06-18 11:11:55.319760,263.0,837038.0,1677897.0
2025-06-18 11:11:56.226780,263.0,836683.0,1681408.0
2025-06-18 11:11:57.187088,262.98,836683.0,1681408.0
2025-06-18 11:11:57.322392,262.98,836776.0,1687663.0
2025-06-18 11:11:58.405695,262.91,836776.0,1687663.0
2025-06-18 11:11:58.923076,262.91,836733.0,1687515.0
2025-06-18 11:12:00.031024,262.91,837057.0,1687514.0
2025-06-18 11:12:03.190338,263.0,837057.0,1687514.0
2025-06-18 11:12:04.427063,263.0,838263.0,1683921.0
2025-06-18 11:12:05.180321,263.02,838263.0,1683921.0
2025-06-18 11:12:07.180881,262.99,838263.0,1683921.0
2025-06-18 11:12:10.117317,262.99,838263.0,1683921.0
2025-06-18 11:12:10.165918,262.91,837367.0,1683015.0
2025-06-18 11:12:10.195550,262.91,837367.0,1683015.0
2025-06-18 11:12:13.188358,263.0,837367.0,1683015.0
2025-06-18 11:12:14.187989,262.93,837367.0,1683015.0
2025-06-18 11:12:14.435625,262.93,838150.0,1651979.0
2025-06-18 11:12:17.180479,262.98,838150.0,1651979.0
2025-06-18 11:12:18.217397,262.98,838150.0,1651979.0
2025-06-18 11:12:19.838143,262.98,835086.0,1693308.0
2025-06-18 11:12:21.180658,262.98,835086.0,1693308.0
2025-06-18 11:12:24.755892,262.92,834984.0,1687971.0
2025-06-18 11:12:25.180854,262.92,834984.0,1687971.0
2025-06-18 11:12:27.182427,262.91,834984.0,1687971.0
2025-06-18 11:12:29.181026,262.87,834984.0,1687971.0
2025-06-18 11:12:29.652458,262.87,827176.0,1670528.0
2025-06-18 11:12:31.182136,262.87,827176.0,1670528.0
2025-06-18 11:12:33.183076,262.85,827176.0,1670528.0
2025-06-18 11:12:34.188776,262.77,827176.0,1670528.0
2025-06-18 11:12:34.952196,262.77,824038.0,1703872.0
2025-06-18 11:12:37.181953,262.77,824038.0,1703872.0
2025-06-18 11:12:39.183933,262.85,824038.0,1703872.0
2025-06-18 11:12:40.255232,262.78,825625.0,1672595.0
2025-06-18 11:12:41.223983,262.85,825625.0,1672595.0
2025-06-18 11:12:43.185520,262.77,825625.0,1672595.0
2025-06-18 11:12:45.185231,262.84,825625.0,1672595.0
2025-06-18 11:12:45.260559,262.84,829850.0,1666775.0
2025-06-18 11:12:47.558759,262.84,829850.0,1666775.0
2025-06-18 11:12:48.622804,262.84,829850.0,1666775.0
2025-06-18 11:12:49.180803,262.99,829850.0,1666775.0
2025-06-18 11:12:49.530166,262.99,829850.0,1666775.0
2025-06-18 11:12:50.365262,262.99,838132.0,1678038.0
2025-06-18 11:12:50.456935,262.99,838132.0,1678038.0
2025-06-18 11:12:51.184743,262.93,838132.0,1678038.0
2025-06-18 11:12:51.312014,262.93,838132.0,1678038.0
2025-06-18 11:12:52.073831,262.93,838132.0,1678038.0
2025-06-18 11:12:53.065691,262.93,838132.0,1678038.0
2025-06-18 11:12:53.181721,262.89,838132.0,1678038.0
2025-06-18 11:12:53.629771,262.89,838132.0,1678038.0
2025-06-18 11:12:54.037900,262.89,838132.0,1678038.0
2025-06-18 11:12:54.189495,263.0,838132.0,1678038.0
2025-06-18 11:12:54.521131,263.0,838132.0,1678038.0
2025-06-18 11:12:55.760208,263.0,838132.0,1678038.0
2025-06-18 11:12:56.071179,262.95,832987.0,1662049.0
2025-06-18 11:12:57.002626,262.95,832987.0,1662049.0
2025-06-18 11:12:57.186401,262.83,832987.0,1662049.0
2025-06-18 11:12:57.881206,262.83,832987.0,1662049.0
2025-06-18 11:12:58.195152,262.98,832987.0,1662049.0
2025-06-18 11:12:59.282119,262.98,832987.0,1662049.0
2025-06-18 11:13:00.390611,262.98,832987.0,1662049.0
2025-06-18 11:13:01.181024,262.96,832987.0,1662049.0
2025-06-18 11:13:01.569834,262.96,832987.0,1662049.0
2025-06-18 11:13:01.770753,262.96,833977.0,1661348.0
2025-06-18 11:13:02.181701,262.96,833977.0,1661348.0
2025-06-18 11:13:02.674458,262.95,834307.0,1660719.0
2025-06-18 11:13:03.030523,262.95,834307.0,1660719.0
2025-06-18 11:13:03.212265,262.84,834307.0,1660719.0
2025-06-18 11:13:04.183410,262.84,834307.0,1660719.0
2025-06-18 11:13:04.372827,262.84,834556.0,1659699.0
2025-06-18 11:13:05.183029,262.84,834556.0,1659699.0
2025-06-18 11:13:05.373338,262.84,832901.0,1662260.0
2025-06-18 11:13:06.375460,262.84,833141.0,1662186.0
2025-06-18 11:13:07.183473,262.94,833141.0,1662186.0
2025-06-18 11:13:07.473774,262.84,833367.0,1683337.0
2025-06-18 11:13:08.181357,262.84,833367.0,1683337.0
2025-06-18 11:13:08.477941,262.84,833719.0,1681848.0
2025-06-18 11:13:09.182769,262.94,833719.0,1681848.0
2025-06-18 11:13:09.477558,262.94,833522.0,1682790.0
2025-06-18 11:13:10.181844,262.84,833522.0,1682790.0
2025-06-18 11:13:10.476382,262.84,833252.0,1662197.0
2025-06-18 11:13:11.184443,262.84,833252.0,1662197.0
2025-06-18 11:13:11.483065,262.94,833245.0,1661652.0
2025-06-18 11:13:12.186711,262.84,833245.0,1661652.0
2025-06-18 11:13:12.380486,262.94,832413.0,1663678.0
2025-06-18 11:13:13.184761,262.94,832413.0,1663678.0
2025-06-18 11:13:13.480784,262.94,832382.0,1663981.0
2025-06-18 11:13:14.183175,262.94,832382.0,1663981.0
2025-06-18 11:13:14.579301,262.94,831549.0,1665126.0
2025-06-18 11:13:15.682727,262.94,826496.0,1698310.0
2025-06-18 11:13:16.183562,262.9,826496.0,1698310.0
2025-06-18 11:13:16.782404,262.9,822859.0,1702454.0
2025-06-18 11:13:17.685117,262.84,823242.0,1700796.0
2025-06-18 11:13:18.188611,262.84,823242.0,1700796.0
2025-06-18 11:13:18.784209,262.88,820842.0,1673798.0
2025-06-18 11:13:19.186121,262.88,820842.0,1673798.0
2025-06-18 11:13:19.784148,262.84,822207.0,1673428.0
2025-06-18 11:13:20.186178,262.84,822207.0,1673428.0
2025-06-18 11:13:20.783775,262.84,822711.0,1703000.0
2025-06-18 11:13:21.886586,262.88,821520.0,1702354.0
2025-06-18 11:13:22.183693,262.86,821520.0,1702354.0
2025-06-18 11:13:22.785461,262.86,822102.0,1706580.0
2025-06-18 11:13:23.785578,262.85,821708.0,1706495.0
2025-06-18 11:13:24.186200,262.85,821708.0,1706495.0
2025-06-18 11:13:24.788167,262.75,821980.0,1706202.0
2025-06-18 11:13:25.186873,262.72,821980.0,1706202.0
2025-06-18 11:13:25.787384,262.72,820436.0,1707829.0
2025-06-18 11:13:26.186428,262.72,820436.0,1707829.0
2025-06-18 11:13:26.787319,262.74,820920.0,1706295.0
2025-06-18 11:13:27.184818,262.74,820920.0,1706295.0
2025-06-18 11:13:27.789911,262.84,820507.0,1707959.0
2025-06-18 11:13:28.183771,262.84,820507.0,1707959.0
2025-06-18 11:13:28.788826,262.84,820764.0,1676740.0
2025-06-18 11:13:29.187101,262.84,820764.0,1676740.0
2025-06-18 11:13:29.888005,262.74,820590.0,1677023.0
2025-06-18 11:13:30.189015,262.73,820590.0,1677023.0
2025-06-18 11:13:30.995442,262.84,820878.0,1676847.0
2025-06-18 11:13:31.186606,262.84,820878.0,1676847.0
2025-06-18 11:13:31.990880,262.73,821134.0,1676613.0
2025-06-18 11:13:32.183983,262.73,821134.0,1676613.0
2025-06-18 11:13:32.991044,262.73,821124.0,1676836.0
2025-06-18 11:13:33.190728,262.73,821124.0,1676836.0
2025-06-18 11:13:34.090951,262.74,819852.0,1676729.0
2025-06-18 11:13:34.187370,262.74,819852.0,1676729.0
2025-06-18 11:13:35.092381,262.76,821133.0,1672487.0
2025-06-18 11:13:35.185237,262.76,821133.0,1672487.0
2025-06-18 11:13:36.094565,262.76,821380.0,1672813.0
2025-06-18 11:13:36.186173,262.76,821380.0,1672813.0
2025-06-18 11:13:37.096939,262.85,821446.0,1672805.0
2025-06-18 11:13:37.187387,262.76,821446.0,1672805.0
2025-06-18 11:13:38.095025,262.76,821444.0,1673087.0
2025-06-18 11:13:38.183765,262.76,821444.0,1673087.0
2025-06-18 11:13:39.094050,262.8,824258.0,1667364.0
2025-06-18 11:13:39.187560,262.8,824258.0,1667364.0
2025-06-18 11:13:40.185324,262.8,824258.0,1667364.0
2025-06-18 11:13:40.197750,262.8,823975.0,1667490.0
2025-06-18 11:13:41.188993,262.8,823975.0,1667490.0
2025-06-18 11:13:41.297133,262.8,824044.0,1667730.0
2025-06-18 11:13:42.188056,262.8,824044.0,1667730.0
2025-06-18 11:13:42.295486,262.85,824314.0,1666036.0
2025-06-18 11:13:43.189267,262.85,824314.0,1666036.0
2025-06-18 11:13:43.298095,262.8,824354.0,1666175.0
2025-06-18 11:13:44.191417,262.85,824354.0,1666175.0
2025-06-18 11:13:44.299152,262.8,824321.0,1665784.0
2025-06-18 11:13:45.184914,262.85,824321.0,1665784.0
2025-06-18 11:13:45.298440,262.85,824819.0,1664997.0
2025-06-18 11:13:46.188979,262.85,824819.0,1664997.0
2025-06-18 11:13:46.299927,262.85,822213.0,1665872.0
2025-06-18 11:13:47.194524,262.8,822213.0,1665872.0
2025-06-18 11:13:47.298671,262.85,822186.0,1666412.0
2025-06-18 11:13:48.185414,262.85,822186.0,1666412.0
2025-06-18 11:13:48.297657,262.85,822186.0,1666407.0
2025-06-18 11:13:49.400397,262.85,823089.0,1666797.0
2025-06-18 11:13:50.185873,262.85,823089.0,1666797.0
2025-06-18 11:13:50.498866,262.76,821611.0,1667174.0
2025-06-18 11:13:51.184503,262.85,821611.0,1667174.0
2025-06-18 11:13:51.599619,262.85,822092.0,1667255.0
2025-06-18 11:13:52.188098,262.85,822092.0,1667255.0
2025-06-18 11:13:52.505355,262.79,823910.0,1665909.0
2025-06-18 11:13:53.189050,262.79,823910.0,1665909.0
2025-06-18 11:13:53.599716,262.85,827450.0,1663362.0
2025-06-18 11:13:54.188812,262.85,827450.0,1663362.0
2025-06-18 11:13:54.599479,262.85,827450.0,1663510.0
2025-06-18 11:13:55.600109,262.85,828354.0,1663045.0
2025-06-18 11:13:56.186923,262.85,828354.0,1663045.0
2025-06-18 11:13:56.603564,262.85,828435.0,1663414.0
2025-06-18 11:13:57.187827,262.82,828435.0,1663414.0
2025-06-18 11:13:57.603814,262.82,831000.0,1663168.0
2025-06-18 11:13:58.187847,262.82,831000.0,1663168.0
2025-06-18 11:13:58.602757,262.82,831073.0,1663387.0
2025-06-18 11:13:59.183245,262.82,831073.0,1663387.0
2025-06-18 11:13:59.602780,262.85,834327.0,1661446.0
2025-06-18 11:14:00.187005,262.83,834327.0,1661446.0
2025-06-18 11:14:00.703900,262.87,846996.0,1649230.0
2025-06-18 11:14:01.184406,262.95,846996.0,1649230.0
2025-06-18 11:14:03.190060,262.88,846996.0,1649230.0
2025-06-18 11:14:05.187064,262.95,846996.0,1649230.0
2025-06-18 11:14:06.108777,262.88,841970.0,1652806.0
2025-06-18 11:14:07.189321,262.88,841970.0,1652806.0
2025-06-18 11:14:09.194975,263.0,841970.0,1652806.0
2025-06-18 11:14:11.186683,262.91,841970.0,1652806.0
2025-06-18 11:14:11.211702,262.91,849580.0,1648611.0
2025-06-18 11:14:13.227362,262.96,849580.0,1648611.0
2025-06-18 11:14:15.190817,262.96,849580.0,1648611.0
2025-06-18 11:14:16.315028,262.86,844794.0,1658247.0
2025-06-18 11:14:17.198475,262.86,844794.0,1658247.0
2025-06-18 11:14:21.118281,262.95,838378.0,1690511.0
2025-06-18 11:14:21.190126,262.95,838378.0,1690511.0
2025-06-18 11:14:23.190743,262.9,838378.0,1690511.0
2025-06-18 11:14:25.195904,262.91,838378.0,1690511.0
2025-06-18 11:14:26.121022,262.95,844817.0,1657846.0
2025-06-18 11:14:27.203391,262.95,844817.0,1657846.0
2025-06-18 11:14:29.192938,262.91,844817.0,1657846.0
2025-06-18 11:14:31.190994,262.95,844817.0,1657846.0
2025-06-18 11:14:31.327282,262.95,843530.0,1659729.0
2025-06-18 11:14:33.190844,262.91,843530.0,1659729.0
2025-06-18 11:14:35.193909,262.95,843530.0,1659729.0
2025-06-18 11:14:36.630911,262.95,845643.0,1657688.0
2025-06-18 11:14:37.221556,262.91,845643.0,1657688.0
2025-06-18 11:14:38.205136,262.91,845643.0,1657688.0
2025-06-18 11:14:41.197397,263.0,845643.0,1657688.0
2025-06-18 11:14:41.634777,263.0,844087.0,1656154.0
2025-06-18 11:14:43.203943,263.0,844087.0,1656154.0
2025-06-18 11:14:44.196970,263.0,844087.0,1656154.0
2025-06-18 11:14:47.051617,262.92,844367.0,1656415.0
2025-06-18 11:14:47.196828,262.92,844367.0,1656415.0
2025-06-18 11:14:48.205230,262.92,844367.0,1656415.0
2025-06-18 11:14:51.194479,262.99,844367.0,1656415.0
2025-06-18 11:14:52.546002,262.92,844492.0,1660632.0
2025-06-18 11:14:53.213751,262.92,844492.0,1660632.0
2025-06-18 11:14:55.191748,262.99,844492.0,1660632.0
2025-06-18 11:14:56.200475,262.92,844492.0,1660632.0
2025-06-18 11:14:58.052692,262.92,842594.0,1681341.0
2025-06-18 11:14:58.216454,262.92,842594.0,1681341.0
2025-06-18 11:15:01.183971,262.97,842594.0,1681341.0
2025-06-18 11:15:03.191986,262.87,842594.0,1681341.0
2025-06-18 11:15:03.349959,262.87,826080.0,1705800.0
2025-06-18 11:15:04.200672,262.87,826080.0,1705800.0
2025-06-18 11:15:07.192067,262.86,826080.0,1705800.0
2025-06-18 11:15:10.432762,262.86,826034.0,1709454.0
2025-06-18 11:15:10.475542,262.86,826034.0,1709454.0
2025-06-18 11:15:11.194698,262.8,826034.0,1709454.0
2025-06-18 11:15:13.193421,262.8,826034.0,1709454.0
2025-06-18 11:15:13.668453,262.86,825242.0,1711871.0
2025-06-18 11:15:14.210774,262.86,825242.0,1711871.0
2025-06-18 11:15:17.206013,262.88,825242.0,1711871.0
2025-06-18 11:15:18.669039,262.88,824966.0,1709197.0
2025-06-18 11:15:19.200329,262.8,824966.0,1709197.0
2025-06-18 11:15:21.191164,262.75,824966.0,1709197.0
2025-06-18 11:15:23.197398,262.75,824966.0,1709197.0
2025-06-18 11:15:23.567954,262.85,822735.0,1682365.0
2025-06-18 11:15:25.199554,262.81,822735.0,1682365.0
2025-06-18 11:15:27.196993,262.81,822735.0,1682365.0
2025-06-18 11:15:28.966846,262.81,817825.0,1684597.0
2025-06-18 11:15:29.205053,262.81,817825.0,1684597.0
2025-06-18 11:15:31.198097,262.7,817825.0,1684597.0
2025-06-18 11:15:32.203034,262.7,817825.0,1684597.0
2025-06-18 11:15:34.572136,262.7,815477.0,1689844.0
2025-06-18 11:15:35.197734,262.76,815477.0,1689844.0
2025-06-18 11:15:37.225375,262.76,815477.0,1689844.0
2025-06-18 11:15:38.213842,262.76,815477.0,1689844.0
2025-06-18 11:15:39.979612,262.76,817163.0,1689626.0
2025-06-18 11:15:40.231328,262.76,817163.0,1689626.0
2025-06-18 11:15:42.232750,262.76,817163.0,1689626.0
2025-06-18 11:15:44.880592,262.7,817170.0,1688576.0
2025-06-18 11:15:45.197257,262.7,817170.0,1688576.0
2025-06-18 11:15:47.197555,262.75,817170.0,1688576.0
2025-06-18 11:15:48.065365,262.75,817170.0,1688576.0
2025-06-18 11:15:49.088749,262.75,817170.0,1688576.0
2025-06-18 11:15:49.198763,262.7,817170.0,1688576.0
2025-06-18 11:15:49.994185,262.7,817170.0,1688576.0
2025-06-18 11:15:50.484019,262.7,817712.0,1685480.0
2025-06-18 11:15:50.931962,262.7,817712.0,1685480.0
2025-06-18 11:15:51.200766,262.7,817712.0,1685480.0
2025-06-18 11:15:51.774097,262.7,817712.0,1685480.0
2025-06-18 11:15:52.575131,262.7,817712.0,1685480.0
2025-06-18 11:15:53.194702,262.7,817712.0,1685480.0
2025-06-18 11:15:53.583635,262.7,817712.0,1685480.0
2025-06-18 11:15:54.132445,262.7,817712.0,1685480.0
2025-06-18 11:15:55.025882,262.7,817712.0,1685480.0
2025-06-18 11:15:55.196167,262.7,817712.0,1685480.0
2025-06-18 11:15:55.399050,262.7,817712.0,1685480.0
2025-06-18 11:15:55.786042,262.8,818732.0,1685820.0
2025-06-18 11:15:56.285624,262.8,818732.0,1685820.0
2025-06-18 11:15:57.200736,262.7,818732.0,1685820.0
2025-06-18 11:15:57.550205,262.7,818732.0,1685820.0
2025-06-18 11:15:58.405412,262.7,818732.0,1685820.0
2025-06-18 11:15:59.195331,262.79,818732.0,1685820.0
2025-06-18 11:16:00.104636,262.79,818732.0,1685820.0
2025-06-18 11:16:00.986614,262.7,817901.0,1687599.0
2025-06-18 11:16:01.208985,262.7,817901.0,1687599.0
2025-06-18 11:16:01.244394,262.7,817901.0,1687599.0
2025-06-18 11:16:02.395842,262.7,817901.0,1687599.0
2025-06-18 11:16:03.199576,262.7,817901.0,1687599.0
2025-06-18 11:16:03.862685,262.7,817901.0,1687599.0
2025-06-18 11:16:06.391469,262.76,818346.0,1687951.0
2025-06-18 11:16:07.202167,262.76,818346.0,1687951.0
2025-06-18 11:16:08.733991,262.76,818346.0,1687951.0
2025-06-18 11:16:11.199443,262.7,818346.0,1687951.0
2025-06-18 11:16:11.696123,262.7,817350.0,1689119.0
2025-06-18 11:16:13.204273,262.76,817350.0,1689119.0
2025-06-18 11:16:14.204307,262.76,817350.0,1689119.0
2025-06-18 11:16:17.206371,262.7,817350.0,1689119.0
2025-06-18 11:16:17.209176,262.7,816327.0,1689775.0
2025-06-18 11:16:18.212118,262.7,816327.0,1689775.0
2025-06-18 11:16:20.230186,262.76,816327.0,1689775.0
2025-06-18 11:16:22.306938,262.76,817337.0,1690433.0
2025-06-18 11:16:23.199745,262.7,817337.0,1690433.0
2025-06-18 11:16:25.199854,262.7,817337.0,1690433.0
2025-06-18 11:16:27.201486,262.76,817337.0,1690433.0
2025-06-18 11:16:27.304424,262.76,818963.0,1717670.0
2025-06-18 11:16:29.206932,262.76,818963.0,1717670.0
2025-06-18 11:16:31.202596,262.76,818963.0,1717670.0
2025-06-18 11:16:32.311471,262.75,819157.0,1740096.0
2025-06-18 11:16:33.202984,262.76,819157.0,1740096.0
2025-06-18 11:16:35.207341,262.72,819157.0,1740096.0
2025-06-18 11:16:37.206089,262.76,819157.0,1740096.0
2025-06-18 11:16:37.612877,262.76,817485.0,1741614.0
2025-06-18 11:16:40.293370,262.76,817485.0,1741614.0
2025-06-18 11:16:41.211699,262.75,817485.0,1741614.0
2025-06-18 11:16:42.817910,262.72,815385.0,1742184.0
2025-06-18 11:16:43.205153,262.72,815385.0,1742184.0
2025-06-18 11:16:45.211537,262.76,815385.0,1742184.0
2025-06-18 11:16:46.212123,262.75,815385.0,1742184.0
2025-06-18 11:16:47.917926,262.75,815878.0,1742858.0
2025-06-18 11:16:49.207613,262.72,815878.0,1742858.0
2025-06-18 11:16:51.215542,262.72,815878.0,1742858.0
2025-06-18 11:16:53.022276,262.75,815860.0,1746259.0
2025-06-18 11:16:53.209992,262.75,815860.0,1746259.0
2025-06-18 11:16:55.209738,262.75,815860.0,1746259.0
2025-06-18 11:16:58.224109,262.72,814272.0,1748573.0
2025-06-18 11:17:00.417909,262.75,814272.0,1748573.0
2025-06-18 11:17:01.204971,262.75,814272.0,1748573.0
2025-06-18 11:17:03.205965,262.75,814272.0,1748573.0
2025-06-18 11:17:03.327573,262.75,815467.0,1746223.0
2025-06-18 11:17:04.216059,262.72,815467.0,1746223.0
2025-06-18 11:17:07.209527,262.75,815467.0,1746223.0
2025-06-18 11:17:08.243898,262.72,815467.0,1746223.0
2025-06-18 11:17:08.328659,262.72,813273.0,1745821.0
2025-06-18 11:17:11.209894,262.75,813273.0,1745821.0
2025-06-18 11:17:13.205523,262.75,813273.0,1745821.0
2025-06-18 11:17:13.531789,262.75,814126.0,1744925.0
2025-06-18 11:17:14.215697,262.75,814126.0,1744925.0
2025-06-18 11:17:16.211968,262.75,814126.0,1744925.0
2025-06-18 11:17:18.536510,262.75,815598.0,1745209.0
2025-06-18 11:17:19.208095,262.72,815598.0,1745209.0
2025-06-18 11:17:21.208508,262.75,815598.0,1745209.0
2025-06-18 11:17:23.207187,262.72,815598.0,1745209.0
2025-06-18 11:17:23.844831,262.75,816318.0,1747606.0
2025-06-18 11:17:25.211859,262.75,816318.0,1747606.0
2025-06-18 11:17:27.210600,262.72,816318.0,1747606.0
2025-06-18 11:17:28.943069,262.72,814645.0,1717104.0
2025-06-18 11:17:31.210087,262.72,814645.0,1717104.0
2025-06-18 11:17:33.212089,262.75,814645.0,1717104.0
2025-06-18 11:17:33.947485,262.72,814916.0,1746750.0
2025-06-18 11:17:35.211670,262.72,814916.0,1746750.0
2025-06-18 11:17:37.209687,262.72,814916.0,1746750.0
2025-06-18 11:17:39.055087,262.72,814506.0,1746969.0
2025-06-18 11:17:39.211339,262.72,814506.0,1746969.0
2025-06-18 11:17:41.217311,262.72,814506.0,1746969.0
2025-06-18 11:17:43.213874,262.75,814506.0,1746969.0
2025-06-18 11:17:44.157066,262.75,815974.0,1747494.0
2025-06-18 11:17:44.214921,262.75,815974.0,1747494.0
2025-06-18 11:17:47.213301,262.75,815974.0,1747494.0
2025-06-18 11:17:48.216947,262.72,815974.0,1747494.0
2025-06-18 11:17:48.964540,262.72,816148.0,1742930.0
2025-06-18 11:17:51.233191,262.72,816148.0,1742930.0
2025-06-18 11:17:53.207957,262.72,816148.0,1742930.0
2025-06-18 11:17:53.660231,262.75,815822.0,1745967.0
2025-06-18 11:17:54.218382,262.75,815822.0,1745967.0
2025-06-18 11:17:57.213509,262.72,815822.0,1745967.0
2025-06-18 11:17:58.264165,262.75,815702.0,1744117.0
2025-06-18 11:17:59.211983,262.75,815702.0,1744117.0
2025-06-18 11:18:01.207043,262.75,815702.0,1744117.0
2025-06-18 11:18:02.872081,262.75,816968.0,1745373.0
2025-06-18 11:18:05.220423,262.72,816968.0,1745373.0
2025-06-18 11:18:07.217602,262.76,816968.0,1745373.0
2025-06-18 11:18:07.667919,262.76,817541.0,1746886.0
2025-06-18 11:18:08.240038,262.76,817541.0,1746886.0
2025-06-18 11:18:11.217833,262.66,817541.0,1746886.0
2025-06-18 11:18:12.672468,262.66,776836.0,1761113.0
2025-06-18 11:18:14.208790,262.59,776836.0,1761113.0
2025-06-18 11:18:18.209844,262.65,776836.0,1761113.0
2025-06-18 11:18:18.582401,262.7,803813.0,1745005.0
2025-06-18 11:18:20.216020,262.71,803813.0,1745005.0
2025-06-18 11:18:22.207273,262.71,803813.0,1745005.0
2025-06-18 11:18:24.210878,262.59,803813.0,1745005.0
2025-06-18 11:18:24.280884,262.59,796137.0,1755703.0
2025-06-18 11:18:26.211847,262.69,796137.0,1755703.0
2025-06-18 11:18:28.260653,262.68,796137.0,1755703.0
2025-06-18 11:18:29.384091,262.68,810155.0,1747319.0
2025-06-18 11:18:30.210268,262.69,810155.0,1747319.0
2025-06-18 11:18:32.216207,262.69,810155.0,1747319.0
2025-06-18 11:18:34.923457,262.7,810155.0,1747319.0
2025-06-18 11:18:34.960091,262.7,817993.0,1737733.0
2025-06-18 11:18:35.224640,262.76,817993.0,1737733.0
2025-06-18 11:18:38.220359,262.76,817993.0,1737733.0
2025-06-18 11:18:39.598289,262.71,820821.0,1706454.0
2025-06-18 11:18:40.210314,262.71,820821.0,1706454.0
2025-06-18 11:18:42.209191,262.71,820821.0,1706454.0
2025-06-18 11:18:44.216712,262.71,820821.0,1706454.0
2025-06-18 11:18:44.488069,262.71,817427.0,1707080.0
2025-06-18 11:18:48.209406,262.81,817427.0,1707080.0
2025-06-18 11:18:48.469485,262.81,817427.0,1707080.0
2025-06-18 11:18:49.100154,262.71,817295.0,1707518.0
2025-06-18 11:18:49.219486,262.83,817295.0,1707518.0
2025-06-18 11:18:49.544046,262.83,817295.0,1707518.0
2025-06-18 11:18:50.466848,262.83,817295.0,1707518.0
2025-06-18 11:18:51.399645,262.83,817295.0,1707518.0
2025-06-18 11:18:52.216626,262.8,817295.0,1707518.0
2025-06-18 11:18:52.264888,262.8,817295.0,1707518.0
2025-06-18 11:18:53.033170,262.8,817295.0,1707518.0
2025-06-18 11:18:53.795318,262.75,815318.0,1712554.0
2025-06-18 11:18:54.063020,262.75,815318.0,1712554.0
2025-06-18 11:18:54.208425,262.75,815318.0,1712554.0
2025-06-18 11:18:54.619215,262.75,815318.0,1712554.0
2025-06-18 11:18:55.028672,262.75,815318.0,1712554.0
2025-06-18 11:18:55.218233,262.71,815318.0,1712554.0
2025-06-18 11:18:55.513224,262.71,815318.0,1712554.0
2025-06-18 11:18:56.783180,262.71,815318.0,1712554.0
2025-06-18 11:18:58.025653,262.71,815318.0,1712554.0
2025-06-18 11:18:58.212663,262.75,815318.0,1712554.0
2025-06-18 11:18:58.602614,262.75,814563.0,1712543.0
2025-06-18 11:18:58.894484,262.75,814563.0,1712543.0
2025-06-18 11:19:00.281015,262.75,814563.0,1712543.0
2025-06-18 11:19:01.223718,262.75,814563.0,1712543.0
2025-06-18 11:19:01.556303,262.75,814563.0,1712543.0
2025-06-18 11:19:02.707764,262.75,814563.0,1712543.0
2025-06-18 11:19:03.218816,262.84,814563.0,1712543.0
2025-06-18 11:19:03.496082,262.84,832880.0,1695354.0
2025-06-18 11:19:04.182317,262.84,832880.0,1695354.0
2025-06-18 11:19:05.222114,262.75,832880.0,1695354.0
2025-06-18 11:19:08.216656,262.75,832880.0,1695354.0
2025-06-18 11:19:09.000777,262.75,834638.0,1698814.0
2025-06-18 11:19:10.216953,262.77,834638.0,1698814.0
2025-06-18 11:19:12.211588,262.8,834638.0,1698814.0
2025-06-18 11:19:13.226325,262.84,834638.0,1698814.0
2025-06-18 11:19:14.110098,262.84,837857.0,1693762.0
2025-06-18 11:19:16.216465,262.8,837857.0,1693762.0
2025-06-18 11:19:17.223585,262.84,837857.0,1693762.0
2025-06-18 11:19:19.218436,262.84,837197.0,1695907.0
2025-06-18 11:19:20.216740,262.84,837197.0,1695907.0
2025-06-18 11:19:21.222981,262.8,837197.0,1695907.0
2025-06-18 11:19:24.217067,262.84,837197.0,1695907.0
2025-06-18 11:19:24.613829,262.84,834542.0,1724732.0
2025-06-18 11:19:25.221541,262.84,834542.0,1724732.0
2025-06-18 11:19:28.218258,262.84,834542.0,1724732.0
2025-06-18 11:19:29.219834,262.84,834542.0,1724732.0
2025-06-18 11:19:29.520777,262.84,833022.0,1730412.0
2025-06-18 11:19:32.210116,262.8,833022.0,1730412.0
2025-06-18 11:19:33.220816,262.85,833022.0,1730412.0
2025-06-18 11:19:34.518538,262.8,830933.0,1729363.0
2025-06-18 11:19:36.217036,262.84,830933.0,1729363.0
2025-06-18 11:19:38.237046,262.84,830933.0,1729363.0
2025-06-18 11:19:39.319216,262.77,829261.0,1731899.0
2025-06-18 11:19:40.218060,262.84,829261.0,1731899.0
2025-06-18 11:19:44.239154,262.75,829261.0,1731899.0
2025-06-18 11:19:44.319657,262.75,827188.0,1731216.0
2025-06-18 11:19:45.220384,262.83,827188.0,1731216.0
2025-06-18 11:19:48.222339,262.77,827188.0,1731216.0
2025-06-18 11:19:49.324422,262.77,830963.0,1702375.0
2025-06-18 11:19:52.218058,262.74,830963.0,1702375.0
2025-06-18 11:19:54.214891,262.84,830963.0,1702375.0
2025-06-18 11:19:54.729730,262.84,827863.0,1732303.0
2025-06-18 11:19:58.219595,262.7,827863.0,1732303.0
2025-06-18 11:20:00.486109,262.7,827863.0,1732303.0
2025-06-18 11:20:00.516313,262.77,826643.0,1736281.0
2025-06-18 11:20:01.235267,262.81,826643.0,1736281.0
2025-06-18 11:20:04.943596,262.81,826740.0,1736241.0
2025-06-18 11:20:05.228574,262.77,826740.0,1736241.0
2025-06-18 11:20:09.220688,262.77,826740.0,1736241.0
2025-06-18 11:20:09.745251,262.77,827878.0,1735796.0
2025-06-18 11:20:11.219195,262.77,827878.0,1735796.0
2025-06-18 11:20:13.223959,262.81,827878.0,1735796.0
2025-06-18 11:20:14.217308,262.77,827878.0,1735796.0
2025-06-18 11:20:14.247045,262.77,832310.0,1703779.0
2025-06-18 11:20:16.224299,262.77,832310.0,1703779.0
2025-06-18 11:20:18.225907,262.81,832310.0,1703779.0
2025-06-18 11:20:18.855812,262.81,830487.0,1704995.0
2025-06-18 11:20:19.246387,262.81,830487.0,1704995.0
2025-06-18 11:20:20.223100,262.77,830487.0,1704995.0
2025-06-18 11:20:21.237835,262.77,830487.0,1704995.0
2025-06-18 11:20:22.219494,262.77,830487.0,1704995.0
2025-06-18 11:20:23.254212,262.81,830487.0,1704995.0
2025-06-18 11:20:24.054568,262.81,830965.0,1702778.0
2025-06-18 11:20:24.221502,262.81,830965.0,1702778.0
2025-06-18 11:20:26.223442,262.77,830965.0,1702778.0
2025-06-18 11:20:27.221131,262.77,830965.0,1702778.0
2025-06-18 11:20:29.163061,262.77,829333.0,1705738.0
2025-06-18 11:20:29.226555,262.77,829333.0,1705738.0
2025-06-18 11:20:30.226877,262.77,829333.0,1705738.0
2025-06-18 11:20:32.227031,262.81,829333.0,1705738.0
2025-06-18 11:20:33.219129,262.8,829333.0,1705738.0
2025-06-18 11:20:34.165848,262.8,831803.0,1702998.0
2025-06-18 11:20:36.224197,262.8,831803.0,1702998.0
2025-06-18 11:20:37.221500,262.8,831803.0,1702998.0
2025-06-18 11:20:38.222548,262.81,831803.0,1702998.0
2025-06-18 11:20:38.966011,262.72,829961.0,1706134.0
2025-06-18 11:20:39.218916,262.81,829961.0,1706134.0
2025-06-18 11:20:40.230629,262.74,829961.0,1706134.0
2025-06-18 11:20:42.222111,262.81,829961.0,1706134.0
2025-06-18 11:20:43.239275,262.74,829961.0,1706134.0
2025-06-18 11:20:43.775833,262.74,830594.0,1706795.0
2025-06-18 11:20:45.224344,262.81,830594.0,1706795.0
2025-06-18 11:20:48.220870,262.81,830594.0,1706795.0
2025-06-18 11:20:48.773084,262.81,830686.0,1707064.0
2025-06-18 11:20:49.221429,262.74,830686.0,1707064.0
2025-06-18 11:20:51.230760,262.75,830686.0,1707064.0
2025-06-18 11:20:52.217915,262.75,830686.0,1707064.0
2025-06-18 11:20:53.774145,262.75,829721.0,1704640.0
2025-06-18 11:20:54.226848,262.81,829721.0,1704640.0
2025-06-18 11:20:55.222922,262.75,829721.0,1704640.0
2025-06-18 11:20:56.260677,262.77,829721.0,1704640.0
2025-06-18 11:20:57.227364,262.85,829721.0,1704640.0
2025-06-18 11:20:58.225956,262.85,829721.0,1704640.0
2025-06-18 11:20:58.876205,262.85,833681.0,1703930.0
2025-06-18 11:20:59.222968,262.85,833681.0,1703930.0
2025-06-18 11:21:02.218745,262.78,833681.0,1703930.0
2025-06-18 11:21:03.243288,262.78,833681.0,1703930.0
2025-06-18 11:21:03.477888,262.78,833821.0,1703901.0
2025-06-18 11:21:06.227559,262.85,833821.0,1703901.0
2025-06-18 11:21:08.222921,262.85,833821.0,1703901.0
2025-06-18 11:21:08.382319,262.85,833688.0,1703644.0
2025-06-18 11:21:09.219004,262.78,833688.0,1703644.0
2025-06-18 11:21:11.224262,262.78,833688.0,1703644.0
2025-06-18 11:21:12.226081,262.85,833688.0,1703644.0
2025-06-18 11:21:13.190702,262.85,833684.0,1704354.0
2025-06-18 11:21:13.253649,262.85,833684.0,1704354.0
2025-06-18 11:21:16.234854,262.85,833684.0,1704354.0
2025-06-18 11:21:17.265182,262.85,833684.0,1704354.0
2025-06-18 11:21:17.889847,262.78,832748.0,1705426.0
2025-06-18 11:21:18.223422,262.78,832748.0,1705426.0
2025-06-18 11:21:19.221762,262.85,832748.0,1705426.0
2025-06-18 11:21:20.223010,262.85,832748.0,1705426.0
2025-06-18 11:21:21.232562,262.84,832748.0,1705426.0
2025-06-18 11:21:22.224014,262.76,832748.0,1705426.0
2025-06-18 11:21:22.691082,262.75,830806.0,1706322.0
2025-06-18 11:21:23.228937,262.75,830806.0,1706322.0
2025-06-18 11:21:24.239883,262.84,830806.0,1706322.0
2025-06-18 11:21:25.228374,262.75,830806.0,1706322.0
2025-06-18 11:21:26.223298,262.84,830806.0,1706322.0
2025-06-18 11:21:27.890743,262.84,823107.0,1713825.0
2025-06-18 11:21:29.221932,262.82,823107.0,1713825.0
2025-06-18 11:21:31.222021,262.8,823107.0,1713825.0
2025-06-18 11:21:32.220228,262.8,823107.0,1713825.0
2025-06-18 11:21:32.893339,262.8,823815.0,1744993.0
2025-06-18 11:21:34.222002,262.8,823815.0,1744993.0
2025-06-18 11:21:35.225886,262.75,823815.0,1744993.0
2025-06-18 11:21:36.220626,262.8,823815.0,1744993.0
2025-06-18 11:21:37.799713,262.8,824241.0,1746492.0
2025-06-18 11:21:39.249022,262.8,824241.0,1746492.0
2025-06-18 11:21:40.225011,262.8,824241.0,1746492.0
2025-06-18 11:21:41.222984,262.8,824241.0,1746492.0
2025-06-18 11:21:42.301273,262.8,822816.0,1744330.0
2025-06-18 11:21:43.228208,262.8,822816.0,1744330.0
2025-06-18 11:21:44.227142,262.8,822816.0,1744330.0
2025-06-18 11:21:45.223878,262.75,822816.0,1744330.0
2025-06-18 11:21:46.238748,262.8,822816.0,1744330.0
2025-06-18 11:21:47.003920,262.8,821923.0,1741986.0
2025-06-18 11:21:48.229273,262.79,821923.0,1741986.0
2025-06-18 11:21:49.047610,262.79,821923.0,1741986.0
2025-06-18 11:21:50.146367,262.79,821923.0,1741986.0
2025-06-18 11:21:50.229976,262.75,821923.0,1741986.0
2025-06-18 11:21:51.052799,262.75,821923.0,1741986.0
2025-06-18 11:21:51.256526,262.75,821923.0,1741986.0
2025-06-18 11:21:52.537867,262.75,815616.0,1721254.0
2025-06-18 11:21:52.579188,262.75,815616.0,1721254.0
2025-06-18 11:21:52.644096,262.77,815616.0,1721254.0
2025-06-18 11:21:52.844864,262.77,815616.0,1721254.0
2025-06-18 11:21:53.258807,262.77,815616.0,1721254.0
2025-06-18 11:21:53.646269,262.77,815616.0,1721254.0
2025-06-18 11:21:54.226936,262.77,815616.0,1721254.0
2025-06-18 11:21:54.650837,262.77,815616.0,1721254.0
2025-06-18 11:21:55.205892,262.77,815616.0,1721254.0
2025-06-18 11:21:55.243977,262.77,815616.0,1721254.0
2025-06-18 11:21:55.620661,262.77,815616.0,1721254.0
2025-06-18 11:21:56.102776,262.77,815616.0,1721254.0
2025-06-18 11:21:57.012281,262.75,817301.0,1740573.0
2025-06-18 11:21:57.238532,262.75,817301.0,1740573.0
2025-06-18 11:21:57.358988,262.75,817301.0,1740573.0
2025-06-18 11:21:58.231684,262.77,817301.0,1740573.0
2025-06-18 11:21:58.626738,262.77,817301.0,1740573.0
2025-06-18 11:21:59.260711,262.75,817301.0,1740573.0
2025-06-18 11:21:59.495638,262.75,817301.0,1740573.0
2025-06-18 11:22:00.228369,262.77,817301.0,1740573.0
2025-06-18 11:22:00.874996,262.77,817301.0,1740573.0
2025-06-18 11:22:01.229270,262.75,817301.0,1740573.0
2025-06-18 11:22:02.016761,262.75,817301.0,1740573.0
2025-06-18 11:22:02.026166,262.75,817442.0,1740509.0
2025-06-18 11:22:02.230354,262.75,817442.0,1740509.0
2025-06-18 11:22:03.384979,262.75,817442.0,1740509.0
2025-06-18 11:22:05.188821,262.75,817442.0,1740509.0
2025-06-18 11:22:05.219449,262.75,817442.0,1740509.0
2025-06-18 11:22:05.233058,262.77,817442.0,1740509.0
2025-06-18 11:22:06.226660,262.77,817442.0,1740509.0
2025-06-18 11:22:06.816105,262.77,818715.0,1741800.0
2025-06-18 11:22:07.230118,262.77,818715.0,1741800.0
2025-06-18 11:22:08.225646,262.77,818715.0,1741800.0
2025-06-18 11:22:09.224456,262.77,818715.0,1741800.0
2025-06-18 11:22:10.225282,262.77,818715.0,1741800.0
2025-06-18 11:22:11.307540,262.75,818715.0,1741800.0
2025-06-18 11:22:12.018973,262.77,822645.0,1737986.0
2025-06-18 11:22:12.228197,262.77,822645.0,1737986.0
2025-06-18 11:22:14.224595,262.75,822645.0,1737986.0
2025-06-18 11:22:15.259310,262.77,822645.0,1737986.0
2025-06-18 11:22:16.240096,262.77,822645.0,1737986.0
2025-06-18 11:22:17.154183,262.77,822577.0,1744828.0
2025-06-18 11:22:18.227883,262.75,822577.0,1744828.0
2025-06-18 11:22:19.361699,262.8,822577.0,1744828.0
2025-06-18 11:22:20.231621,262.8,822577.0,1744828.0
2025-06-18 11:22:21.257272,262.8,822577.0,1744828.0
2025-06-18 11:22:22.028310,262.75,823565.0,1716910.0
2025-06-18 11:22:22.253802,262.8,823565.0,1716910.0
2025-06-18 11:22:23.228408,262.8,823565.0,1716910.0
2025-06-18 11:22:24.259493,262.83,823565.0,1716910.0
2025-06-18 11:22:26.238217,262.75,823565.0,1716910.0
2025-06-18 11:22:27.270442,262.75,823565.0,1716910.0
2025-06-18 11:22:30.230639,262.83,823565.0,1716910.0
2025-06-18 11:22:31.733723,262.75,822275.0,1717209.0
2025-06-18 11:22:32.270729,262.75,822275.0,1717209.0
2025-06-18 11:22:34.251436,262.82,822275.0,1717209.0
2025-06-18 11:22:35.230690,262.82,822275.0,1717209.0
2025-06-18 11:22:36.229511,262.82,822275.0,1717209.0
2025-06-18 11:22:36.735120,262.75,821989.0,1745459.0
2025-06-18 11:22:37.226300,262.77,821989.0,1745459.0
2025-06-18 11:22:38.258709,262.75,821989.0,1745459.0
2025-06-18 11:22:40.353459,262.75,821989.0,1745459.0
2025-06-18 11:22:41.839655,262.77,820283.0,1741523.0
2025-06-18 11:22:42.229185,262.77,820283.0,1741523.0
2025-06-18 11:22:43.224456,262.77,820283.0,1741523.0
2025-06-18 11:22:45.133596,262.77,820283.0,1741523.0
2025-06-18 11:22:45.248926,262.77,820283.0,1741523.0
2025-06-18 11:22:46.234550,262.75,820283.0,1741523.0
2025-06-18 11:22:47.155313,262.77,820751.0,1741848.0
2025-06-18 11:22:47.228453,262.77,820751.0,1741848.0
2025-06-18 11:22:48.235682,262.77,820751.0,1741848.0
2025-06-18 11:22:49.228316,262.75,820751.0,1741848.0
2025-06-18 11:22:51.229301,262.77,820751.0,1741848.0
2025-06-18 11:22:52.451333,262.77,818659.0,1751455.0
2025-06-18 11:22:53.235067,262.75,818659.0,1751455.0
2025-06-18 11:22:54.234834,262.75,818659.0,1751455.0
2025-06-18 11:22:55.237412,262.7,818659.0,1751455.0
2025-06-18 11:22:56.232938,262.7,818659.0,1751455.0
2025-06-18 11:22:57.247452,262.74,818659.0,1751455.0
2025-06-18 11:22:58.244392,262.74,818659.0,1751455.0
2025-06-18 11:22:59.262607,262.74,818659.0,1751455.0
2025-06-18 11:23:01.261895,262.7,818659.0,1751455.0
2025-06-18 11:23:01.756876,262.7,811262.0,1756873.0
2025-06-18 11:23:02.246796,262.7,811262.0,1756873.0
2025-06-18 11:23:03.242321,262.7,811262.0,1756873.0
2025-06-18 11:23:04.231242,262.71,811262.0,1756873.0
2025-06-18 11:23:06.240208,262.69,811262.0,1756873.0
2025-06-18 11:23:06.757087,262.69,799083.0,1733100.0
2025-06-18 11:23:07.232885,262.69,799083.0,1733100.0
2025-06-18 11:23:09.228862,262.69,799083.0,1733100.0
2025-06-18 11:23:10.231287,262.6,799083.0,1733100.0
2025-06-18 11:23:11.755524,262.6,797956.0,1733222.0
2025-06-18 11:23:12.578712,262.69,797956.0,1733222.0
2025-06-18 11:23:13.244262,262.69,797956.0,1733222.0
2025-06-18 11:23:15.239231,262.69,797956.0,1733222.0
2025-06-18 11:23:16.675023,262.6,788331.0,1766391.0
2025-06-18 11:23:19.227641,262.6,788331.0,1766391.0
2025-06-18 11:23:21.232949,262.63,788331.0,1766391.0
2025-06-18 11:23:22.265330,262.66,794297.0,1760974.0
2025-06-18 11:23:24.265494,262.53,794297.0,1760974.0
2025-06-18 11:23:27.678335,262.62,794028.0,1770532.0
2025-06-18 11:23:28.235849,262.62,794028.0,1770532.0
2025-06-18 11:23:32.243521,262.62,794028.0,1770532.0
2025-06-18 11:23:32.874299,262.62,794817.0,1767014.0
2025-06-18 11:23:33.240651,262.53,794817.0,1767014.0
2025-06-18 11:23:36.240514,262.6,794817.0,1767014.0
2025-06-18 11:23:38.081775,262.6,795962.0,1736156.0
2025-06-18 11:23:38.232949,262.6,795962.0,1736156.0
2025-06-18 11:23:42.233956,262.6,795962.0,1736156.0
2025-06-18 11:23:42.980528,262.6,797543.0,1766532.0
2025-06-18 11:23:43.240620,262.6,797543.0,1766532.0
2025-06-18 11:23:46.235832,262.53,797543.0,1766532.0
2025-06-18 11:23:47.880496,262.6,798000.0,1735049.0
2025-06-18 11:23:49.299193,262.6,798000.0,1735049.0
2025-06-18 11:23:50.232605,262.6,798000.0,1735049.0
2025-06-18 11:23:52.586510,262.6,799727.0,1735199.0
2025-06-18 11:23:56.238951,262.6,799727.0,1735199.0
2025-06-18 11:23:57.387241,262.6,799238.0,1736790.0
2025-06-18 11:23:58.255812,262.54,799238.0,1736790.0
2025-06-18 11:23:59.251752,262.6,799238.0,1736790.0
2025-06-18 11:24:02.239456,262.6,799238.0,1736790.0
2025-06-18 11:24:02.489142,262.6,798629.0,1736531.0
2025-06-18 11:24:04.242443,262.53,798629.0,1736531.0
2025-06-18 11:24:06.272039,262.54,798629.0,1736531.0
2025-06-18 11:24:07.247599,262.6,798629.0,1736531.0
2025-06-18 11:24:07.395119,262.6,798954.0,1766302.0
2025-06-18 11:24:10.234674,262.6,798954.0,1766302.0
2025-06-18 11:24:12.245740,262.53,798954.0,1766302.0
2025-06-18 11:24:12.414332,262.53,798927.0,1736829.0
2025-06-18 11:24:14.239220,262.53,798927.0,1736829.0
2025-06-18 11:24:15.242630,262.6,798927.0,1736829.0
2025-06-18 11:24:17.362988,262.53,799943.0,1736184.0
2025-06-18 11:24:18.231696,262.6,799943.0,1736184.0
2025-06-18 11:24:20.240497,262.53,799943.0,1736184.0
2025-06-18 11:24:22.210923,262.53,788449.0,1774627.0
2025-06-18 11:24:22.235793,262.53,788449.0,1774627.0
2025-06-18 11:24:24.241590,262.57,788449.0,1774627.0
2025-06-18 11:24:27.603842,262.53,790469.0,1774534.0
2025-06-18 11:24:28.233710,262.53,790469.0,1774534.0
2025-06-18 11:24:29.251309,262.53,790469.0,1774534.0
2025-06-18 11:24:32.242232,262.58,790469.0,1774534.0
2025-06-18 11:24:32.608141,262.53,790316.0,1774815.0
2025-06-18 11:24:34.236316,262.51,790316.0,1774815.0
2025-06-18 11:24:36.230275,262.58,790316.0,1774815.0
2025-06-18 11:24:37.306802,262.58,797261.0,1738684.0
2025-06-18 11:24:38.248872,262.5,797261.0,1738684.0
2025-06-18 11:24:40.232911,262.5,797261.0,1738684.0
2025-06-18 11:24:42.215386,262.58,795628.0,1743779.0
2025-06-18 11:24:42.235259,262.5,795628.0,1743779.0
2025-06-18 11:24:44.235596,262.5,795628.0,1743779.0
2025-06-18 11:24:46.229912,262.5,795628.0,1743779.0
2025-06-18 11:24:47.311584,262.5,794778.0,1742926.0
2025-06-18 11:24:48.229661,262.57,794778.0,1742926.0
2025-06-18 11:24:49.483194,262.57,794778.0,1742926.0
2025-06-18 11:24:50.260745,262.57,794778.0,1742926.0
2025-06-18 11:24:50.569401,262.57,794778.0,1742926.0
2025-06-18 11:24:51.477512,262.57,794778.0,1742926.0
2025-06-18 11:24:52.233949,262.51,794778.0,1742926.0
2025-06-18 11:24:52.407741,262.51,794778.0,1742926.0
2025-06-18 11:24:52.452479,262.51,796005.0,1740911.0
2025-06-18 11:24:53.239293,262.51,796005.0,1740911.0
2025-06-18 11:24:53.299932,262.51,796005.0,1740911.0
2025-06-18 11:24:54.042609,262.51,796005.0,1740911.0
2025-06-18 11:24:55.058406,262.51,796005.0,1740911.0
2025-06-18 11:24:56.049860,262.51,796005.0,1740911.0
2025-06-18 11:24:56.228869,262.51,796005.0,1740911.0
2025-06-18 11:24:56.525696,262.51,796005.0,1740911.0
2025-06-18 11:24:57.119787,262.51,791385.0,1768190.0
2025-06-18 11:24:57.780838,262.51,791385.0,1768190.0
2025-06-18 11:24:58.231868,262.51,791385.0,1768190.0
2025-06-18 11:24:59.025456,262.51,791385.0,1768190.0
2025-06-18 11:25:01.282446,262.51,791385.0,1768190.0
2025-06-18 11:25:02.015370,262.45,784376.0,1774544.0
2025-06-18 11:25:02.413238,262.45,784376.0,1774544.0
2025-06-18 11:25:03.545594,262.45,784376.0,1774544.0
2025-06-18 11:25:04.232843,262.52,784376.0,1774544.0
2025-06-18 11:25:05.011629,262.52,784376.0,1774544.0
2025-06-18 11:25:06.229994,262.35,784376.0,1774544.0
2025-06-18 11:25:07.133173,262.35,744781.0,1706268.0
2025-06-18 11:25:10.229170,262.42,744781.0,1706268.0
2025-06-18 11:25:12.230897,262.34,744781.0,1706268.0
2025-06-18 11:25:12.731628,262.34,748070.0,1674825.0
2025-06-18 11:25:14.237982,262.42,748070.0,1674825.0
2025-06-18 11:25:16.231183,262.45,748070.0,1674825.0
2025-06-18 11:25:18.147262,262.34,816438.0,1677154.0
2025-06-18 11:25:18.231176,262.34,816438.0,1677154.0
2025-06-18 11:25:20.231995,262.39,816438.0,1677154.0
2025-06-18 11:25:22.231976,262.48,816438.0,1677154.0
2025-06-18 11:25:23.371992,262.37,822291.0,1705642.0
2025-06-18 11:25:24.242612,262.48,822291.0,1705642.0
2025-06-18 11:25:26.232121,262.49,822291.0,1705642.0
2025-06-18 11:25:28.235632,262.58,822291.0,1705642.0
2025-06-18 11:25:28.343699,262.58,827156.0,1683359.0
2025-06-18 11:25:30.293031,262.58,827156.0,1683359.0
2025-06-18 11:25:32.237095,262.58,827156.0,1683359.0
2025-06-18 11:25:33.245324,262.58,827308.0,1681869.0
2025-06-18 11:25:34.235666,262.51,827308.0,1681869.0
2025-06-18 11:25:36.236051,262.58,827308.0,1681869.0
2025-06-18 11:25:39.899949,262.6,827308.0,1681869.0
2025-06-18 11:25:39.900975,262.6,827280.0,1681765.0
2025-06-18 11:25:39.940002,262.6,827280.0,1681765.0
2025-06-18 11:25:42.231425,262.51,827280.0,1681765.0
2025-06-18 11:25:43.044251,262.51,828042.0,1657990.0
2025-06-18 11:25:44.231124,262.58,828042.0,1657990.0
2025-06-18 11:25:46.242765,262.51,828042.0,1657990.0
2025-06-18 11:25:47.948171,262.51,827860.0,1686287.0
2025-06-18 11:25:48.240529,262.58,827860.0,1686287.0
2025-06-18 11:25:49.259779,262.58,827860.0,1686287.0
2025-06-18 11:25:52.241074,262.58,827860.0,1686287.0
2025-06-18 11:25:53.254872,262.58,829659.0,1686695.0
2025-06-18 11:25:54.230769,262.58,829659.0,1686695.0
2025-06-18 11:25:58.239957,262.58,829659.0,1686695.0
2025-06-18 11:25:58.451267,262.51,824472.0,1667528.0
2025-06-18 11:25:59.234098,262.55,824472.0,1667528.0
2025-06-18 11:26:01.551794,262.55,831852.0,1665160.0
2025-06-18 11:26:02.233124,262.55,831852.0,1665160.0
2025-06-18 11:26:02.666608,262.55,831891.0,1666191.0
2025-06-18 11:26:03.240349,262.46,831891.0,1666191.0
2025-06-18 11:26:03.752434,262.46,815717.0,1667318.0
2025-06-18 11:26:04.857343,262.55,816000.0,1665458.0
2025-06-18 11:26:05.244197,262.55,816000.0,1665458.0
2025-06-18 11:26:05.757359,262.55,815244.0,1667889.0
2025-06-18 11:26:06.753660,262.55,815501.0,1665902.0
2025-06-18 11:26:07.854005,262.55,816331.0,1695902.0
2025-06-18 11:26:08.958021,262.55,816133.0,1695902.0
2025-06-18 11:26:10.062039,262.55,815837.0,1697642.0
2025-06-18 11:26:10.256975,262.55,815837.0,1697642.0
2025-06-18 11:26:11.065071,262.55,816372.0,1694082.0
2025-06-18 11:26:12.067806,262.46,816367.0,1694520.0
2025-06-18 11:26:12.237657,262.46,816367.0,1694520.0
2025-06-18 11:26:13.173003,262.54,816877.0,1666929.0
2025-06-18 11:26:13.228586,262.54,816877.0,1666929.0
2025-06-18 11:26:14.262830,262.54,816786.0,1666557.0
2025-06-18 11:26:15.237526,262.46,816786.0,1666557.0
2025-06-18 11:26:15.271468,262.46,816810.0,1694415.0
2025-06-18 11:26:16.260665,262.54,816810.0,1694415.0
2025-06-18 11:26:16.269809,262.54,817136.0,1694337.0
2025-06-18 11:26:17.264824,262.54,817505.0,1697342.0
2025-06-18 11:26:18.240848,262.46,817505.0,1697342.0
2025-06-18 11:26:18.278516,262.46,817905.0,1696660.0
2025-06-18 11:26:19.240348,262.46,817905.0,1696660.0
2025-06-18 11:26:19.267518,262.46,818756.0,1696648.0
2025-06-18 11:26:20.194318,262.46,818656.0,1695286.0
2025-06-18 11:26:21.289062,262.54,818656.0,1695286.0
2025-06-18 11:26:21.295304,262.54,819517.0,1692695.0
2025-06-18 11:26:22.266149,262.54,819767.0,1692698.0
2025-06-18 11:26:23.181880,262.5,819529.0,1693207.0
2025-06-18 11:26:23.263446,262.5,819529.0,1693207.0
2025-06-18 11:26:24.231059,262.54,819529.0,1693207.0
2025-06-18 11:26:24.367828,262.47,819405.0,1693536.0
2025-06-18 11:26:25.273255,262.47,819405.0,1693536.0
2025-06-18 11:26:25.280785,262.47,819405.0,1693536.0
2025-06-18 11:26:26.254570,262.55,819405.0,1693536.0
2025-06-18 11:26:26.269558,262.55,819861.0,1692461.0
2025-06-18 11:26:27.269216,262.55,819864.0,1691752.0
2025-06-18 11:26:28.275412,262.55,820217.0,1688741.0
2025-06-18 11:26:29.255897,262.47,820217.0,1688741.0
2025-06-18 11:26:29.269635,262.47,820019.0,1688772.0
2025-06-18 11:26:30.182777,262.55,820019.0,1688768.0
2025-06-18 11:26:30.235420,262.55,820019.0,1688768.0
2025-06-18 11:26:31.182465,262.55,820101.0,1688311.0
2025-06-18 11:26:31.233353,262.55,820101.0,1688311.0
2025-06-18 11:26:32.183651,262.55,820291.0,1687425.0
2025-06-18 11:26:32.229151,262.55,820291.0,1687425.0
2025-06-18 11:26:33.189475,262.55,820386.0,1687857.0
2025-06-18 11:26:33.232478,262.55,820386.0,1687857.0
2025-06-18 11:26:34.185869,262.47,820167.0,1693982.0
2025-06-18 11:26:34.234972,262.47,820167.0,1693982.0
2025-06-18 11:26:35.076665,262.47,819949.0,1693986.0
2025-06-18 11:26:35.227727,262.47,819949.0,1693986.0
2025-06-18 11:26:36.189878,262.47,819972.0,1666982.0
2025-06-18 11:26:36.237133,262.47,819972.0,1666982.0
2025-06-18 11:26:37.244681,262.47,819972.0,1666982.0
2025-06-18 11:26:37.375238,262.47,819667.0,1694137.0
2025-06-18 11:26:38.377132,262.47,819012.0,1688285.0
2025-06-18 11:26:39.239157,262.54,819012.0,1688285.0
2025-06-18 11:26:39.375916,262.54,820034.0,1666376.0
2025-06-18 11:26:40.876681,262.54,819132.0,1665878.0
2025-06-18 11:26:41.236162,262.47,819132.0,1665878.0
2025-06-18 11:26:41.876068,262.47,819385.0,1693927.0
2025-06-18 11:26:42.230928,262.47,819385.0,1693927.0
2025-06-18 11:26:42.979793,262.54,819704.0,1694757.0
2025-06-18 11:26:43.241792,262.54,819704.0,1694757.0
2025-06-18 11:26:44.079544,262.47,819408.0,1694699.0
2025-06-18 11:26:44.258898,262.47,819408.0,1694699.0
2025-06-18 11:26:45.079915,262.54,819433.0,1697634.0
2025-06-18 11:26:45.229556,262.54,819433.0,1697634.0
2025-06-18 11:26:46.194196,262.47,819413.0,1694928.0
2025-06-18 11:26:46.238297,262.47,819413.0,1694928.0
2025-06-18 11:26:47.233626,262.54,819413.0,1694928.0
2025-06-18 11:26:47.280165,262.54,819719.0,1667725.0
2025-06-18 11:26:48.380486,262.54,819256.0,1664507.0
2025-06-18 11:26:49.234403,262.5,819256.0,1664507.0
2025-06-18 11:26:49.488874,262.5,818411.0,1697230.0
2025-06-18 11:26:50.233410,262.41,818411.0,1697230.0
2025-06-18 11:26:50.485535,262.41,807512.0,1675352.0
2025-06-18 11:26:51.231027,262.4,807512.0,1675352.0
2025-06-18 11:26:51.586093,262.4,811290.0,1679124.0
2025-06-18 11:26:52.240139,262.47,811290.0,1679124.0
2025-06-18 11:26:52.697143,262.4,810590.0,1708935.0
2025-06-18 11:26:53.234332,262.4,810590.0,1708935.0
2025-06-18 11:26:53.786947,262.45,808429.0,1709994.0
2025-06-18 11:26:54.250350,262.44,808429.0,1709994.0
2025-06-18 11:26:54.786422,262.44,810872.0,1709835.0
2025-06-18 11:26:55.235408,262.44,810872.0,1709835.0
2025-06-18 11:26:55.788279,262.44,806636.0,1708281.0
2025-06-18 11:26:56.888359,262.44,810095.0,1710747.0
2025-06-18 11:26:57.231311,262.44,810095.0,1710747.0
2025-06-18 11:26:57.991339,262.36,810783.0,1708098.0
2025-06-18 11:26:58.247536,262.36,810783.0,1708098.0
2025-06-18 11:26:58.989276,262.32,811064.0,1709436.0
2025-06-18 11:26:59.234638,262.32,811064.0,1709436.0
2025-06-18 11:26:59.891333,262.32,811954.0,1678650.0
2025-06-18 11:27:00.238178,262.34,811954.0,1678650.0
2025-06-18 11:27:02.238619,262.35,811954.0,1678650.0
2025-06-18 11:27:03.626095,262.45,812347.0,1679973.0
2025-06-18 11:27:04.282442,262.45,812347.0,1679973.0
2025-06-18 11:27:08.255373,262.33,812347.0,1679973.0
2025-06-18 11:27:08.498937,262.33,761958.0,1680759.0
2025-06-18 11:27:10.247002,262.33,761958.0,1680759.0
2025-06-18 11:27:12.235371,262.33,761958.0,1680759.0
2025-06-18 11:27:13.500208,262.33,813012.0,1711585.0
2025-06-18 11:27:14.248344,262.4,813012.0,1711585.0
2025-06-18 11:27:16.254297,262.4,813012.0,1711585.0
2025-06-18 11:27:18.278776,262.4,813012.0,1711585.0
2025-06-18 11:27:18.406590,262.4,813598.0,1702786.0
2025-06-18 11:27:20.519674,262.33,813598.0,1702786.0
2025-06-18 11:27:22.259591,262.33,813598.0,1702786.0
2025-06-18 11:27:23.309252,262.4,814037.0,1683295.0
2025-06-18 11:27:24.305192,262.4,814037.0,1683295.0
2025-06-18 11:27:26.276452,262.33,814037.0,1683295.0
2025-06-18 11:27:28.111212,262.35,816453.0,1679887.0
2025-06-18 11:27:28.274700,262.35,816453.0,1679887.0
2025-06-18 11:27:29.296630,262.4,816453.0,1679887.0
2025-06-18 11:27:32.267230,262.4,816453.0,1679887.0
2025-06-18 11:27:33.312432,262.35,815658.0,1680565.0
2025-06-18 11:27:34.246932,262.34,815658.0,1680565.0
2025-06-18 11:27:38.248048,262.34,815658.0,1680565.0
2025-06-18 11:27:38.514142,262.4,817215.0,1681003.0
2025-06-18 11:27:40.242099,262.35,817215.0,1681003.0
2025-06-18 11:27:42.249265,262.4,817215.0,1681003.0
2025-06-18 11:27:43.722104,262.35,813926.0,1710555.0
2025-06-18 11:27:44.243285,262.35,813926.0,1710555.0
2025-06-18 11:27:45.247748,262.35,813926.0,1710555.0
2025-06-18 11:27:48.240208,262.35,813926.0,1710555.0
2025-06-18 11:27:49.246034,262.4,813926.0,1710555.0
2025-06-18 11:27:49.913021,262.4,813926.0,1710555.0
2025-06-18 11:27:50.020171,262.35,825985.0,1713579.0
2025-06-18 11:27:50.999591,262.35,825985.0,1713579.0
2025-06-18 11:27:51.914426,262.35,825985.0,1713579.0
2025-06-18 11:27:52.242777,262.35,825985.0,1713579.0
2025-06-18 11:27:52.842625,262.35,825985.0,1713579.0
2025-06-18 11:27:53.758930,262.35,825985.0,1713579.0
2025-06-18 11:27:54.239619,262.4,825985.0,1713579.0
2025-06-18 11:27:54.484851,262.4,825985.0,1713579.0
2025-06-18 11:27:55.497813,262.4,825985.0,1713579.0
2025-06-18 11:27:55.623384,262.4,826116.0,1713650.0
2025-06-18 11:27:56.062910,262.4,826116.0,1713650.0
2025-06-18 11:27:56.240960,262.4,826116.0,1713650.0
2025-06-18 11:27:56.466182,262.4,826116.0,1713650.0
2025-06-18 11:27:57.328695,262.4,826116.0,1713650.0
2025-06-18 11:27:58.254439,262.4,826116.0,1713650.0
2025-06-18 11:27:58.269108,262.4,826116.0,1713650.0
2025-06-18 11:27:59.452252,262.4,826116.0,1713650.0
2025-06-18 11:28:00.255540,262.35,826116.0,1713650.0
2025-06-18 11:28:00.313716,262.35,826116.0,1713650.0
2025-06-18 11:28:00.525525,262.35,823801.0,1716346.0
2025-06-18 11:28:01.716520,262.35,823801.0,1716346.0
2025-06-18 11:28:02.239027,262.4,823801.0,1716346.0
2025-06-18 11:28:02.849781,262.4,823801.0,1716346.0
2025-06-18 11:28:03.981819,262.4,823801.0,1716346.0
2025-06-18 11:28:04.239786,262.39,823801.0,1716346.0
2025-06-18 11:28:05.129458,262.4,824848.0,1715200.0
2025-06-18 11:28:05.598326,262.4,824848.0,1715200.0
2025-06-18 11:28:06.237776,262.4,824848.0,1715200.0
2025-06-18 11:28:10.443703,262.3,824848.0,1715200.0
2025-06-18 11:28:10.521005,262.3,823084.0,1717195.0
2025-06-18 11:28:10.523124,262.34,823084.0,1717195.0
2025-06-18 11:28:12.240024,262.3,823084.0,1717195.0
2025-06-18 11:28:13.250568,262.35,823084.0,1717195.0
2025-06-18 11:28:14.742868,262.35,824760.0,1715419.0
2025-06-18 11:28:16.237992,262.35,824760.0,1715419.0
2025-06-18 11:28:18.239146,262.3,824760.0,1715419.0
2025-06-18 11:28:19.842228,262.3,824693.0,1687572.0
2025-06-18 11:28:20.246486,262.3,824693.0,1687572.0
2025-06-18 11:28:21.246894,262.3,824693.0,1687572.0
2025-06-18 11:28:24.243662,262.34,824693.0,1687572.0
2025-06-18 11:28:25.344691,262.35,825852.0,1713362.0
2025-06-18 11:28:26.258150,262.35,825852.0,1713362.0
2025-06-18 11:28:28.241827,262.35,825852.0,1713362.0
2025-06-18 11:28:30.443326,262.3,823718.0,1686594.0
2025-06-18 11:28:32.243207,262.3,823718.0,1686594.0
2025-06-18 11:28:34.257731,262.3,823718.0,1686594.0
2025-06-18 11:28:35.345927,262.3,824902.0,1686368.0
2025-06-18 11:28:36.247178,262.3,824902.0,1686368.0
2025-06-18 11:28:38.247658,262.35,824902.0,1686368.0
2025-06-18 11:28:40.246679,262.26,824902.0,1686368.0
2025-06-18 11:28:40.274648,262.26,824195.0,1687958.0
2025-06-18 11:28:42.246390,262.26,824195.0,1687958.0
2025-06-18 11:28:45.358084,262.3,825755.0,1690296.0
2025-06-18 11:28:46.243251,262.3,825755.0,1690296.0
2025-06-18 11:28:48.241961,262.25,825755.0,1690296.0
2025-06-18 11:28:49.249875,262.25,825755.0,1690296.0
2025-06-18 11:28:50.365186,262.25,825689.0,1691932.0
2025-06-18 11:28:52.245000,262.25,825689.0,1691932.0
2025-06-18 11:28:54.240502,262.31,825689.0,1691932.0
2025-06-18 11:28:55.251887,262.31,825689.0,1691932.0
2025-06-18 11:28:55.262943,262.31,824987.0,1692241.0
2025-06-18 11:28:58.407386,262.25,824987.0,1692241.0
2025-06-18 11:28:59.251087,262.25,824987.0,1692241.0
2025-06-18 11:28:59.866893,262.25,826448.0,1692293.0
2025-06-18 11:29:01.253518,262.31,826448.0,1692293.0
2025-06-18 11:29:04.253682,262.3,826448.0,1692293.0
2025-06-18 11:29:04.572155,262.3,829119.0,1691046.0
2025-06-18 11:29:06.255727,262.3,829119.0,1691046.0
2025-06-18 11:29:08.252469,262.3,829119.0,1691046.0
2025-06-18 11:29:09.468452,262.3,827569.0,1690132.0
2025-06-18 11:29:10.247785,262.31,827569.0,1690132.0
2025-06-18 11:29:12.247272,262.38,827569.0,1690132.0
2025-06-18 11:29:14.269980,262.3,827569.0,1690132.0
2025-06-18 11:29:14.769984,262.3,827966.0,1688359.0
2025-06-18 11:29:16.245660,262.3,827966.0,1688359.0
2025-06-18 11:29:17.257324,262.3,827966.0,1688359.0
2025-06-18 11:29:19.265165,262.28,827966.0,1688359.0
2025-06-18 11:29:20.187114,262.28,833083.0,1682753.0
2025-06-18 11:29:22.252737,262.29,833083.0,1682753.0
2025-06-18 11:29:24.253438,262.39,833083.0,1682753.0
2025-06-18 11:29:25.273406,262.29,833083.0,1682753.0
2025-06-18 11:29:25.487268,262.29,831899.0,1685039.0
2025-06-18 11:29:28.759842,262.29,831899.0,1685039.0
2025-06-18 11:29:29.252406,262.39,831899.0,1685039.0
2025-06-18 11:29:30.785227,262.28,831251.0,1686188.0
2025-06-18 11:29:32.420950,262.38,831251.0,1686188.0
2025-06-18 11:29:34.249272,262.26,831251.0,1686188.0
2025-06-18 11:29:36.087292,262.26,828493.0,1687659.0
2025-06-18 11:29:38.248319,262.37,828493.0,1687659.0
2025-06-18 11:29:41.264067,262.25,828493.0,1687659.0
2025-06-18 11:29:41.389939,262.25,826581.0,1689160.0
2025-06-18 11:29:44.249159,262.35,826581.0,1689160.0
2025-06-18 11:29:46.245694,262.28,826581.0,1689160.0
2025-06-18 11:29:46.492774,262.28,827969.0,1687109.0
2025-06-18 11:29:48.259225,262.35,827969.0,1687109.0
2025-06-18 11:29:49.250599,262.3,827969.0,1687109.0
2025-06-18 11:29:51.097409,262.35,829605.0,1686198.0
2025-06-18 11:29:52.250002,262.3,829605.0,1686198.0
2025-06-18 11:29:54.251304,262.3,829605.0,1686198.0
2025-06-18 11:29:56.248813,262.3,829605.0,1686198.0
2025-06-18 11:29:56.302121,262.3,823893.0,1722825.0
2025-06-18 11:29:58.297459,262.3,823893.0,1722825.0
2025-06-18 11:29:59.253630,262.3,823893.0,1722825.0
2025-06-18 11:30:01.308341,262.31,823977.0,1692586.0
2025-06-18 11:30:02.247095,262.31,823977.0,1692586.0
2025-06-18 11:30:04.256313,262.25,823977.0,1692586.0
2025-06-18 11:30:06.611691,262.25,815622.0,1720317.0
2025-06-18 11:30:07.257996,262.21,815622.0,1720317.0
2025-06-18 11:30:11.249485,262.25,815622.0,1720317.0
2025-06-18 11:30:12.114563,262.21,818369.0,1732618.0
2025-06-18 11:30:14.260617,262.15,818369.0,1732618.0
2025-06-18 11:30:16.257865,262.12,818369.0,1732618.0
2025-06-18 11:30:17.515596,262.26,785268.0,1699192.0
2025-06-18 11:30:19.261401,262.2,785268.0,1699192.0
2025-06-18 11:30:22.253665,262.11,785268.0,1699192.0
2025-06-18 11:30:23.017287,262.18,821477.0,1698440.0
2025-06-18 11:30:25.276311,262.24,821477.0,1698440.0
2025-06-18 11:30:28.255668,262.12,821477.0,1698440.0
2025-06-18 11:30:28.632092,262.12,767660.0,1703186.0
2025-06-18 11:30:30.251759,262.07,767660.0,1703186.0
2025-06-18 11:30:32.251999,262.09,767660.0,1703186.0
2025-06-18 11:30:33.722847,262.18,766173.0,1701754.0
2025-06-18 11:30:34.249236,262.18,766173.0,1701754.0
2025-06-18 11:30:37.271299,262.07,766173.0,1701754.0
2025-06-18 11:30:38.261467,262.08,766173.0,1701754.0
2025-06-18 11:30:38.929385,262.08,767808.0,1707877.0
2025-06-18 11:30:40.263836,262.11,767808.0,1707877.0
2025-06-18 11:30:42.265031,262.12,767808.0,1707877.0
2025-06-18 11:30:44.254084,262.12,767808.0,1707877.0
2025-06-18 11:30:44.329085,262.12,770749.0,1707855.0
2025-06-18 11:30:45.281448,262.1,770749.0,1707855.0
2025-06-18 11:30:48.260265,262.08,770749.0,1707855.0
2025-06-18 11:30:49.637360,262.08,768571.0,1706884.0
2025-06-18 11:30:50.250069,262.08,768571.0,1706884.0
2025-06-18 11:30:50.332345,262.08,768571.0,1706884.0
2025-06-18 11:30:51.423868,262.08,768571.0,1706884.0
2025-06-18 11:30:52.257651,262.05,768571.0,1706884.0
2025-06-18 11:30:52.345855,262.05,768571.0,1706884.0
2025-06-18 11:30:53.287866,262.05,768571.0,1706884.0
2025-06-18 11:30:54.155828,262.05,768571.0,1706884.0
2025-06-18 11:30:54.257642,262.06,768571.0,1706884.0
2025-06-18 11:30:54.643517,262.06,746600.0,1741195.0
2025-06-18 11:30:54.934362,262.06,746600.0,1741195.0
2025-06-18 11:30:55.267702,262.02,746600.0,1741195.0
2025-06-18 11:30:55.974135,262.02,746600.0,1741195.0
2025-06-18 11:30:56.540309,262.02,746600.0,1741195.0
2025-06-18 11:30:57.448920,262.02,746600.0,1741195.0
2025-06-18 11:30:58.255192,261.96,746600.0,1741195.0
2025-06-18 11:30:58.712648,261.96,746600.0,1741195.0
2025-06-18 11:30:59.747239,261.95,752609.0,1738958.0
2025-06-18 11:30:59.954451,261.95,752609.0,1738958.0
2025-06-18 11:31:00.291604,261.94,752609.0,1738958.0
2025-06-18 11:31:00.814320,261.94,752609.0,1738958.0
2025-06-18 11:31:01.255212,261.95,752609.0,1738958.0
2025-06-18 11:31:01.542473,261.95,754000.0,1737859.0
2025-06-18 11:31:02.224980,261.95,754000.0,1737859.0
2025-06-18 11:31:02.292678,262.06,754000.0,1737859.0
2025-06-18 11:31:02.649952,262.06,752036.0,1737588.0
2025-06-18 11:31:03.349160,262.06,752036.0,1737588.0
2025-06-18 11:31:03.745394,262.06,752344.0,1735563.0
2025-06-18 11:31:04.258731,262.0,752344.0,1735563.0
2025-06-18 11:31:04.492169,262.0,752344.0,1735563.0
2025-06-18 11:31:04.848910,262.0,751841.0,1738485.0
2025-06-18 11:31:05.255747,262.0,751841.0,1738485.0
2025-06-18 11:31:05.850322,262.02,750425.0,1709902.0
2025-06-18 11:31:05.965712,262.02,750425.0,1709902.0
2025-06-18 11:31:06.259679,262.02,750425.0,1709902.0
2025-06-18 11:31:06.947929,262.02,755780.0,1708534.0
2025-06-18 11:31:08.050164,262.02,753716.0,1710555.0
2025-06-18 11:31:08.256870,262.0,753716.0,1710555.0
2025-06-18 11:31:09.160385,262.06,757626.0,1734679.0
2025-06-18 11:31:09.250296,262.06,757626.0,1734679.0
2025-06-18 11:31:10.251087,261.96,757626.0,1734679.0
2025-06-18 11:31:10.258073,261.96,757798.0,1737703.0
2025-06-18 11:31:11.160952,262.06,758209.0,1737960.0
2025-06-18 11:31:11.256519,262.06,758209.0,1737960.0
2025-06-18 11:31:12.251315,262.07,758209.0,1737960.0
2025-06-18 11:31:12.258248,262.07,765865.0,1700019.0
2025-06-18 11:31:13.262874,262.07,765865.0,1700019.0
2025-06-18 11:31:13.356271,262.03,765163.0,1700542.0
2025-06-18 11:31:14.258834,261.99,765163.0,1700542.0
2025-06-18 11:31:14.457362,262.03,764496.0,1697727.0
2025-06-18 11:31:15.256491,262.07,764496.0,1697727.0
2025-06-18 11:31:15.560666,262.07,766425.0,1702415.0
2025-06-18 11:31:16.260262,262.07,766425.0,1702415.0
2025-06-18 11:31:16.669298,262.07,766226.0,1702899.0
2025-06-18 11:31:17.673504,262.07,767172.0,1695420.0
2025-06-18 11:31:18.262923,262.01,767172.0,1695420.0
2025-06-18 11:31:18.670643,262.0,765426.0,1697693.0
2025-06-18 11:31:19.265215,262.0,765426.0,1697693.0
2025-06-18 11:31:19.674794,262.0,758232.0,1700690.0
2025-06-18 11:31:20.261239,261.96,758232.0,1700690.0
2025-06-18 11:31:20.666120,261.96,744640.0,1709503.0
2025-06-18 11:31:21.257461,261.93,744640.0,1709503.0
2025-06-18 11:31:21.564123,261.93,754621.0,1707294.0
2025-06-18 11:31:22.249836,262.03,754621.0,1707294.0
2025-06-18 11:31:22.669976,262.03,753933.0,1737910.0
2025-06-18 11:31:23.259420,262.03,753933.0,1737910.0
2025-06-18 11:31:23.666727,262.0,752371.0,1741400.0
2025-06-18 11:31:24.258457,261.91,752371.0,1741400.0
2025-06-18 11:31:24.766170,261.91,752792.0,1742059.0
2025-06-18 11:31:25.261435,262.0,752792.0,1742059.0
2025-06-18 11:31:25.771394,262.0,757700.0,1741093.0
2025-06-18 11:31:26.255860,261.95,757700.0,1741093.0
2025-06-18 11:31:26.767400,261.95,757275.0,1741464.0
2025-06-18 11:31:27.252909,261.95,757275.0,1741464.0
2025-06-18 11:31:27.769052,261.95,758586.0,1741109.0
2025-06-18 11:31:28.257404,261.97,758586.0,1741109.0
2025-06-18 11:31:28.868813,261.89,755076.0,1711750.0
2025-06-18 11:31:29.481307,261.89,755076.0,1711750.0
2025-06-18 11:31:29.967212,261.9,755265.0,1712363.0
2025-06-18 11:31:30.279878,261.9,755265.0,1712363.0
2025-06-18 11:31:31.073556,261.91,752565.0,1710941.0
2025-06-18 11:31:31.256015,261.91,752565.0,1710941.0
2025-06-18 11:31:32.171196,261.9,752580.0,1712401.0
2025-06-18 11:31:32.257865,261.9,752580.0,1712401.0
2025-06-18 11:31:33.172799,261.9,753296.0,1714463.0
2025-06-18 11:31:33.254838,262.0,753296.0,1714463.0
2025-06-18 11:31:34.261715,262.0,753296.0,1714463.0
2025-06-18 11:31:34.282123,262.0,759102.0,1714237.0
2025-06-18 11:31:35.261383,261.92,759102.0,1714237.0
2025-06-18 11:31:35.373766,261.92,755215.0,1713387.0
2025-06-18 11:31:36.256305,261.92,755215.0,1713387.0
2025-06-18 11:31:36.473520,261.92,755305.0,1714677.0
2025-06-18 11:31:37.253476,261.97,755305.0,1714677.0
2025-06-18 11:31:37.373164,261.97,754926.0,1714524.0
2025-06-18 11:31:38.374537,261.97,754765.0,1706424.0
2025-06-18 11:31:39.261878,261.97,754765.0,1706424.0
2025-06-18 11:31:39.376411,261.97,754929.0,1706102.0
2025-06-18 11:31:40.257682,261.95,754929.0,1706102.0
2025-06-18 11:31:40.478726,261.92,755802.0,1707315.0
2025-06-18 11:31:41.256371,261.95,755802.0,1707315.0
2025-06-18 11:31:41.480218,261.95,755784.0,1707239.0
2025-06-18 11:31:42.281032,261.92,755784.0,1707239.0
2025-06-18 11:31:42.380646,261.92,753293.0,1708059.0
2025-06-18 11:31:43.258590,261.92,753293.0,1708059.0
2025-06-18 11:31:43.381891,261.92,753289.0,1708285.0
2025-06-18 11:31:44.254380,261.92,753289.0,1708285.0
2025-06-18 11:31:44.380900,261.92,755332.0,1708437.0
2025-06-18 11:31:45.486901,261.92,755799.0,1708146.0
2025-06-18 11:31:46.582329,261.95,756073.0,1708600.0
2025-06-18 11:31:47.285882,261.95,756073.0,1708600.0
2025-06-18 11:31:47.595057,261.95,755019.0,1708186.0
2025-06-18 11:31:48.264478,261.95,755019.0,1708186.0
2025-06-18 11:31:48.696903,261.95,754705.0,1708343.0
2025-06-18 11:31:49.269220,261.95,754705.0,1708343.0
2025-06-18 11:31:49.794683,261.95,756149.0,1707146.0
2025-06-18 11:31:50.254866,261.95,756149.0,1707146.0
2025-06-18 11:31:50.893254,261.91,753481.0,1709461.0
2025-06-18 11:31:51.261301,261.91,753481.0,1709461.0
2025-06-18 11:31:51.983500,261.91,753870.0,1708533.0
2025-06-18 11:31:52.262718,261.91,753870.0,1708533.0
2025-06-18 11:31:52.886081,261.91,752159.0,1708819.0
2025-06-18 11:31:53.256367,261.91,752159.0,1708819.0
2025-06-18 11:31:53.987413,261.92,753581.0,1708552.0
2025-06-18 11:31:54.291397,261.92,753581.0,1708552.0
2025-06-18 11:31:54.985736,261.92,751513.0,1708043.0
2025-06-18 11:31:55.256462,261.92,751513.0,1708043.0
2025-06-18 11:31:55.987900,261.92,750431.0,1741400.0
2025-06-18 11:31:56.411923,261.92,750431.0,1741400.0
2025-06-18 11:31:56.994087,261.9,751973.0,1741826.0
2025-06-18 11:31:57.409078,261.9,751973.0,1741826.0
2025-06-18 11:31:57.993104,261.92,747755.0,1722692.0
2025-06-18 11:31:58.265176,261.92,747755.0,1722692.0
2025-06-18 11:31:58.992817,261.9,749923.0,1694316.0
2025-06-18 11:31:59.254991,261.9,749923.0,1694316.0
2025-06-18 11:32:00.095475,261.9,749144.0,1694033.0
2025-06-18 11:32:00.284169,261.9,749144.0,1694033.0
2025-06-18 11:32:01.204816,261.91,747983.0,1697189.0
2025-06-18 11:32:01.281222,261.91,747983.0,1697189.0
2025-06-18 11:32:02.842187,261.91,748739.0,1696642.0
2025-06-18 11:32:03.261474,261.91,748739.0,1696642.0
2025-06-18 11:32:04.280672,261.92,748739.0,1696642.0
2025-06-18 11:32:05.206867,261.92,751013.0,1696452.0
2025-06-18 11:32:05.254644,261.92,751013.0,1696452.0
2025-06-18 11:32:06.298493,261.92,750656.0,1727987.0
2025-06-18 11:32:07.299703,261.89,750656.0,1727987.0
2025-06-18 11:32:07.304340,261.89,738165.0,1729362.0
2025-06-18 11:32:08.301362,261.89,741968.0,1728078.0
2025-06-18 11:32:09.275029,261.8,741968.0,1728078.0
2025-06-18 11:32:09.305228,261.8,735902.0,1730473.0
2025-06-18 11:32:10.302686,261.8,734314.0,1731713.0
2025-06-18 11:32:11.257547,261.84,734314.0,1731713.0
2025-06-18 11:32:11.403612,261.84,709857.0,1731298.0
2025-06-18 11:32:12.262881,261.8,709857.0,1731298.0
2025-06-18 11:32:12.503312,261.8,740588.0,1732331.0
2025-06-18 11:32:13.257786,261.83,740588.0,1732331.0
2025-06-18 11:32:13.505133,261.83,739334.0,1730980.0
2025-06-18 11:32:14.257663,261.8,739334.0,1730980.0
2025-06-18 11:32:14.405328,261.8,739826.0,1729271.0
2025-06-18 11:32:15.507081,261.8,740863.0,1729366.0
2025-06-18 11:32:16.265116,261.83,740863.0,1729366.0
2025-06-18 11:32:16.606531,261.83,739338.0,1731945.0
2025-06-18 11:32:17.262410,261.75,739338.0,1731945.0
2025-06-18 11:32:17.718090,261.82,737981.0,1732308.0
2025-06-18 11:32:18.260081,261.82,737981.0,1732308.0
2025-06-18 11:32:18.809279,261.75,737516.0,1732324.0
2025-06-18 11:32:19.280274,261.75,737516.0,1732324.0
2025-06-18 11:32:19.910400,261.75,735334.0,1731845.0
2025-06-18 11:32:20.275803,261.67,735334.0,1731845.0
2025-06-18 11:32:20.915975,261.7,735384.0,1732815.0
2025-06-18 11:32:21.259247,261.7,735384.0,1732815.0
2025-06-18 11:32:21.912543,261.69,736127.0,1729586.0
2025-06-18 11:32:22.255722,261.8,736127.0,1729586.0
2025-06-18 11:32:22.917619,261.69,736639.0,1729300.0
2025-06-18 11:32:23.256110,261.79,736639.0,1729300.0
2025-06-18 11:32:23.916806,261.79,739347.0,1727561.0
2025-06-18 11:32:24.268354,261.8,739347.0,1727561.0
2025-06-18 11:32:24.917065,261.8,735057.0,1728919.0
2025-06-18 11:32:25.258266,261.8,735057.0,1728919.0
2025-06-18 11:32:25.921415,261.8,736435.0,1726407.0
2025-06-18 11:32:26.261979,261.8,736435.0,1726407.0
2025-06-18 11:32:27.020280,261.8,738318.0,1727245.0
2025-06-18 11:32:27.263443,261.8,738318.0,1727245.0
2025-06-18 11:32:28.119525,261.8,738901.0,1727775.0
2025-06-18 11:32:28.260055,261.8,738901.0,1727775.0
2025-06-18 11:32:29.230502,261.7,737844.0,1726817.0
2025-06-18 11:32:29.261508,261.7,737844.0,1726817.0
2025-06-18 11:32:30.258235,261.7,737844.0,1726817.0
2025-06-18 11:32:30.322552,261.7,738360.0,1726832.0
2025-06-18 11:32:31.256020,261.79,738360.0,1726832.0
2025-06-18 11:32:31.324375,261.79,739965.0,1723373.0
2025-06-18 11:32:32.257991,261.8,739965.0,1723373.0
2025-06-18 11:32:32.423961,261.8,743853.0,1725113.0
2025-06-18 11:32:33.258464,261.8,743853.0,1725113.0
2025-06-18 11:32:33.524620,261.8,738581.0,1725909.0
2025-06-18 11:32:34.255944,261.8,738581.0,1725909.0
2025-06-18 11:32:34.525511,261.8,740336.0,1726357.0
2025-06-18 11:32:35.261118,261.8,740336.0,1726357.0
2025-06-18 11:32:35.526112,261.8,738977.0,1724712.0
2025-06-18 11:32:36.269022,261.8,738977.0,1724712.0
2025-06-18 11:32:36.525259,261.8,739227.0,1724545.0
2025-06-18 11:32:37.299984,261.8,739227.0,1724545.0
2025-06-18 11:32:37.527551,261.8,747443.0,1727413.0
2025-06-18 11:32:38.626144,261.76,746035.0,1727451.0
2025-06-18 11:32:39.258035,261.75,746035.0,1727451.0
2025-06-18 11:32:39.628564,261.75,743954.0,1727003.0
2025-06-18 11:32:40.629702,261.8,744879.0,1728069.0
2025-06-18 11:32:41.260850,261.8,744879.0,1728069.0
2025-06-18 11:32:41.627783,261.8,745300.0,1726301.0
2025-06-18 11:32:42.262439,261.79,745300.0,1726301.0
2025-06-18 11:32:42.751951,261.76,741100.0,1726682.0
2025-06-18 11:32:43.262842,261.8,741100.0,1726682.0
2025-06-18 11:32:43.829794,261.8,744715.0,1726176.0
2025-06-18 11:32:44.299681,261.8,744715.0,1726176.0
2025-06-18 11:32:44.935915,261.8,745868.0,1724433.0
2025-06-18 11:32:45.260831,261.75,745868.0,1724433.0
2025-06-18 11:32:46.030454,261.75,744212.0,1726538.0
2025-06-18 11:32:46.308348,261.8,744212.0,1726538.0
2025-06-18 11:32:47.134780,261.8,742367.0,1726799.0
2025-06-18 11:32:48.135140,261.76,748437.0,1725238.0
2025-06-18 11:32:48.264517,261.76,748437.0,1725238.0
2025-06-18 11:32:49.240830,261.76,746147.0,1724952.0
2025-06-18 11:32:49.271932,261.76,746147.0,1724952.0
2025-06-18 11:32:50.258114,261.8,746147.0,1724952.0
2025-06-18 11:32:50.335506,261.8,746929.0,1724680.0
2025-06-18 11:32:51.259454,261.76,746929.0,1724680.0
2025-06-18 11:32:51.434783,261.81,761523.0,1652311.0
2025-06-18 11:32:52.259497,261.87,761523.0,1652311.0
2025-06-18 11:32:52.555178,261.87,768930.0,1656707.0
2025-06-18 11:32:53.259275,261.87,768930.0,1656707.0
2025-06-18 11:32:53.534643,261.92,768110.0,1657574.0
2025-06-18 11:32:54.260279,261.92,768110.0,1657574.0
2025-06-18 11:32:54.636594,261.92,767790.0,1654862.0
2025-06-18 11:32:55.259580,261.89,767790.0,1654862.0
2025-06-18 11:32:55.741046,261.89,772095.0,1654067.0
2025-06-18 11:32:56.837477,261.94,771339.0,1651417.0
2025-06-18 11:32:57.270522,261.91,771339.0,1651417.0
2025-06-18 11:32:57.949321,261.95,772625.0,1653745.0
2025-06-18 11:32:58.261075,261.95,772625.0,1653745.0
2025-06-18 11:32:59.819366,261.89,768365.0,1653770.0
2025-06-18 11:32:59.829126,261.89,768365.0,1653770.0
